--- COMMENTS may be placed outside the @ENTRYTYPE{ ... } stuctures
--- CMS guidelines
---- Every journal article citation should include the DOI, assuming one exists.
---- All URLs for CMS notes, ANs, etc, should refer to the CDS server, not the CMS server. Use our standard format for them, as shown below.
----  CMS Notes not available on CDS are regarded as private and may not be cited.
----  CMS physics papers (i.e., those intended for publication in journals) may reference only POG PASs, not PAG PASs.
---- For papers by collaborations, list the collaboration in the COLLABOROATION field and put the first author and "and others" in the AUTHOR field.
----  If only the collaboration is listed as the author, put "{XXX Collaboration}" under AUTHOR.
----  Note that we automatically replace the AUTHOR field with the collaboration name for ATLAS, CMS, LHCb, and ATLAS at submission time.
---- Other items:
----   PAGES: Please only list the first page, not the range.
----   ISSUE: Please do not include in most cases.
----   URL: Do not include this field if a DOI is available.
---- Number of authors to list:
----   PRL requests that we include all authors up to fifteen except for large collaborations, and we take this as our internal guide as well. If there
----   are more than fifteen, just list the first author + "and others", as above.
----   The individual journal bib style file (theirs, ours, PLB, etc.) will truncate at the appropriate point. We have ours set to _1_ for more than four.
---- Use only the URL field instead of embedding an href (this is a change in our practice).
---- A reference only published on the arXiv should be listed as UNPUBLISHED (with a note "Submitted to XXX" for large collaboration papers).
----   Experimental papers only on the arXiv and not submitted for publication may not be cited.
---- Some journals will lowercase the title: use {} to protect words which must be capitalized, e.g., {LHC}, {TeV}, {CERN}, {CMS}.
----  Do not escape the entire title as it will then clash with the journal style.
---- Journal names: the journals generally include the series in the journal name, "Physical Review D", vol 5, rather than PR D5
%
% Notes hosted only on CDS are listed as TECHREPORTs.
%
@TECHREPORT{CMS_AN_2006-027,
     AUTHOR       = "Belotelov, I. and Golutvin, I. and Bourilkov, D. and Lanyov, A. and Rogalev, E. and Savina, M. and Shmatov, S.",
     TITLE        = "Search for {ADD} extra dimensional gravity in di-muon channel with the {CMS} Detector",
     TYPE      = "CMS Note",
     NUMBER       = "2006/076",
     URL          = "http://cdsweb.cern.ch/record/962045",
     YEAR         = "2006"}
@TECHREPORT{CMS_NOTE_2006-106,
     AUTHOR       = "Aldaya, M. and Arce, P. and Caballero, J. and de la Cruz, B. and Garcia-Abia, P. and Hernandez, J. M. and Josa, M. I. and Ruiz, E.",
     TITLE        = "Discovery potential and search strategy for the Standard Model {H}iggs boson in the {$H\to ZZ^\star\to 4\mu$} decay channel using a mass-independent analysis",
     TYPE      = "CMS Note",
     NUMBER       = "2006/106",
     URL          = "http://cdsweb.cern.ch/record/962058",
     YEAR         = "2006"}
@TECHREPORT{CMS_AN_2013-366,
     AUTHOR       = {Baber, M. and Bainbridge, R. and Buchm\"uller, O. and Burton, D. and Citron, M. and Elwood, A. and Eshaq, Y. and Fl\"acher, H. and Garcia-Bellido, A. and Laird, E. and Lucas, C. and Marrouche, J. and Meng, Z. and Smith, D. and Tapper, A.},
     TITLE        = "Search for compressed supersymmetric scenarios in final states with jets and missing transerve momentum in $\sqrt{s} = 8\TeV$ pp collisions with the $\alpha_{\rm T}$ variable",
     TYPE         = "CMS Note",
     NUMBER       = "2013/366, SUS-14-006",
     URL          = "http://cms.cern.ch/iCMS/jsp/db_notes/showNoteDetails.jsp?noteID=CMS\%20AN-2013/366",
     YEAR         = "2013"}
%
% standard article
%
@article{Chatrchyan:2013lya,
      author         = "{CMS Collaboration}",
      title          = "{Search for supersymmetry in hadronic final states with
                        missing transverse energy using the variables $\alpha_T$
                        and b-quark multiplicity in pp collisions at $\sqrt s=8$
                        TeV}",
      collaboration  = "CMS",
      journal        = "Eur.Phys.J.",
      number         = "9",
      volume         = "C73",
      pages          = "2568",
      doi            = "10.1140/epjc/s10052-013-2568-6",
      year           = "2013",
      eprint         = "1303.2985",
      archivePrefix  = "arXiv",
      primaryClass   = "hep-ex",
      reportNumber   = "CMS-SUS-12-028, CERN-PH-EP-2013-037",
      SLACcitation   = "%%CITATION = ARXIV:1303.2985;%%",
}
@article{Chatrchyan:2012wa,
      author         = "{CMS Collaboration}",
      title          = "{Search for supersymmetry in final states with missing
                        transverse energy and 0, 1, 2, or at least 3 b-quark jets
                        in 7 TeV pp collisions using the variable alphaT}",
      collaboration  = "CMS",
      journal        = "JHEP",
      volume         = "1301",
      pages          = "077",
      doi            = "10.1007/JHEP01(2013)077",
      year           = "2013",
      eprint         = "1210.8115",
      archivePrefix  = "arXiv",
      primaryClass   = "hep-ex",
      reportNumber   = "CMS-SUS-11-022, CERN-PH-EP-2012-290",
      SLACcitation   = "%%CITATION = ARXIV:1210.8115;%%",
}
@article{Chatrchyan:2011zy,
      author         = "{CMS Collaboration}",
      title          = "{Search for Supersymmetry at the LHC in Events with Jets
                        and Missing Transverse Energy}",
      collaboration  = "CMS",
      journal        = "Phys.Rev.Lett.",
      volume         = "107",
      pages          = "221804",
      doi            = "10.1103/PhysRevLett.107.221804",
      year           = "2011",
      eprint         = "1109.2352",
      archivePrefix  = "arXiv",
      primaryClass   = "hep-ex",
      reportNumber   = "CERN-PH-EP-2011-138, CMS-SUS-11-003",
      SLACcitation   = "%%CITATION = ARXIV:1109.2352;%%",
}
@article{Khachatryan:2011tk,
      author         = "{CMS Collaboration}",
      title          = "{Search for Supersymmetry in pp Collisions at 7 TeV in
                        Events with Jets and Missing Transverse Energy}",
      collaboration  = "CMS",
      journal        = "Phys.Lett.",
      volume         = "B698",
      pages          = "196-218",
      doi            = "10.1016/j.physletb.2011.03.021",
      year           = "2011",
      eprint         = "1101.1628",
      archivePrefix  = "arXiv",
      primaryClass   = "hep-ex",
      reportNumber   = "CERN-PH-EP-2010-084, CMS-SUS-10-003",
      SLACcitation   = "%%CITATION = ARXIV:1101.1628;%%",
}
@Article{Brandt:1997gi,
     author    = "Brandt, A. and others",
 collaboration = "UA8",
     title     = "Measurements of single diffraction at $\sqrt{s} =$ 630 {GeV}:
                  Evidence for  a non-linear $\alpha(t)$ of the pomeron",
     journal   = "Nucl. Phys. B",
     volume    = "514",
     year      = "1998",
     pages     = "3",
     SLACcitation  = "%%CITATION = HEP-EX 9710004;%%",
     doi       = "10.1016/S0550-3213(97)00813-4"
}
@ARTICLE{Buchmuller:1986zs,
     AUTHOR       = "Buchm{\"u}ller, W. and Wyler, D.",
     TITLE        = "Constraints on {SU(5)}-type leptoquarks",
     JOURNAL      = "Phys. Lett. B",
     VOLUME       = "177",
     YEAR         = "1986",
     pages        = "377",
     SLACcitation  = "%%CITATION = PHLTA,B191,442;%%",
     doi          = "10.1016/0370-2693(86)90771-9"}
@Article{PTDR2,
     author    = "{CMS Collaboration}",
     title     = "{CMS} technical design report, volume {II}: {Physics}
                  performance",
     journal   = "J. Phys. G",
     volume    = "34",
     year      = "2007",
     pages     = "995",
     doi       = "10.1088/0954-3899/34/6/S01",
     SLACcitation  = "%%CITATION = JPHGB,G34,995;%%"
}
% PAS are now TECHREPORTS. Same for Notes. A formatted list of PASs is located in [svn]/utils/branches/dev/general/pasBib-tech.bib
@TECHREPORT{CMS-PAS-JME-10-003,
      AUTHOR      = "{CMS Collaboration}",
      COLLABORATION = {CMS},
      TITLE       = "Jet Performance in pp Collisions at $\sqrt{s}$=7 {TeV}",
      URL         = "http://cdsweb.cern.ch/record/1279362",
      TYPE     = "CMS Physics Analysis Summary",
      NUMBER      = "CMS-PAS-JME-10-003",
      YEAR        = "2010"
}
%SPIRES had this one as R. Adolphi, et. al. Wrong. Now corrected in InspireHEP.
@Article{Chatrchyan:2008zzk,
     author    = "Chatrchyan, S. and others",
     collaboration = "CMS",
     title     = "The {CMS} experiment at the {CERN} {LHC}",
     journal   = "JINST",
     volume    = "3",
     year      = "2008",
     pages     = "S08004",
     doi       = "10.1088/1748-0221/3/08/S08004",
     SLACcitation  = "%%CITATION = JINST,3,S08004;%%"
}
% An evergreen:
@article{Beringer:1900zz,
      author         = "{Particle Data Group} and Beringer, J. and others",
      title          = "{Review of Particle Physics}",
      journal        = "Phys. Rev. D",
      volume         = "86",
      pages          = "010001",
      doi            = "10.1103/PhysRevD.86.010001",
      year           = "2012",
      SLACcitation   = "%%CITATION = PHRVA,D86,010001;%%",
}
%
% An example of a document which only appears on arXiv. This one could alternatively be cited as a TECHREPORT using any of the various laboratory report numbers when hosted on a lab server:
% reportNumber   = "CERN-PH-EP-2010-095, FERMILAB-TM-2480-PPD, LEPEWWG-2010-01, TEVEWWG-2010-01, ALEPH-2010-001-PHYSICS-2010-001, CDF-NOTE-10338, D0-NOTE-6130, DELPHI-DELPHI-2010-001-PHYS-952, L3-NOTE-2837, OPAL-PR432, SLAC-PUB-14301",
%
@UNPUBLISHED{LEPewkfits,
     author = "{ALEPH, CDF, D0, DELPHI, L3, OPAL, SLD Collaborations,
                                    the LEP Electroweak Working Group, the Tevatron Electroweak Working Group, and the SLD Electroweak and Heavy Flavour Groups}",
     title     = "Precision electroweak measurements and constraints on
the {Standard Model}",
     URL       = "http://lepewwg.web.cern.ch/LEPEWWG",
     eprint    = "1012.2367",
     archivePrefix = "arXiv",
     primaryClass  =  "hep-ex",
     year  = "2010",
     SLACcitation  = "%%CITATION = 1012.2367;%%"
}
%
% A document hosted on a laboratory server
%
@TECHREPORT{Bertram:2000br,
  author = " Bertram, I. and Landsberg, G. and Linnemann, J. and Partridge, R. and Paterno, M. and Prosper, H. B.",
  title =  "A Recipe for the construction of confidence limits",
  institution = "Fermilab",
  number     = "{TM-2104}",
  url = "http://lss.fnal.gov/archive/test-tm/2000/fermilab-tm-2104.pdf",
  year = "2000"
 }
 %
 % A document included in Proceedings. PRL may want the ADDRESS field as well.
 %
@INPROCEEDINGS{RooStats,
  AUTHOR       = "Moneta, L. and Belasco, K. and  Cranmer, K. S. and Lazzaro, A. and Piparo, D. and Schott, G. and Verkerke, W. and Wolf, M. ",
  TITLE        = "The {R}oo{S}tats {P}roject",
  BOOKTITLE = "13$^\text{th}$ International Workshop on Advanced Computing and Analysis Techniques in Physics Research (ACAT2010)",
  YEAR         = "2010",
  PUBLISHER = "SISSA",
  NOTE = "{PoS(ACAT2010)057}",
  URL          = "http://pos.sissa.it/archive/conferences/093/057/ACAT2010_057.pdf",
  eprint = "1009.1003",
  primaryClass = "physics.data-an"
}
%
% CMS/ATLAS papers submitted but not yet accepted; The SLACcitation is not required. This is only for illustration, these are now published.
% Upon acceptance the note is modified and the DOI included (if available).
%
@Unpublished{Khachatryan:2010mp,
     author    = "{CMS Collaboration}",
     collaboration = "CMS",
     title     = "Search for Pair Production of First-Generation Scalar Leptoquarks in pp Collisions at $\sqrt{s} = 7$ {TeV}",
     note  = "Submitted to \textit{Phys. Rev. Lett.}",
     eprint    = "1012.4031",
     archivePrefix = "arXiv",
     primaryClass  =  "hep-ex",
     year = "2010",
     SLACcitation  = "%%CITATION = 1012.4031;%%"
}
@Unpublished{CMS-PAPER-MUO-10-004,
     author    = "{CMS Collaboration}",
     collaboration = "CMS",
     title     = "Performance of CMS muon reconstruction in pp collision events at $\sqrt{s} = 7$\TeV",
     note  = "Submitted to \textit{J. Inst.}",
     eprint    = "1206.4071",
     archivePrefix = "arXiv",
     primaryClass  =  "physics.ins-det",
     year = "2012",
}
@Unpublished{ATLAS:2011aa,
        Archiveprefix = {arXiv},
        Author = {{ATLAS Collaboration}},
        Collaboration = {ATLAS},
        Eprint = {1112.2577},
        Note = {Submitted to \textit{Phys. Rev. Lett.}},
        Primaryclass = {hep-ex},
        Slaccitation = {%%CITATION = 1112.2577;%%},
        Title = {Search for the {H}iggs boson in the {$H\to$WW(*)$\to \ell^+ \nu \ell^- \bar{\nu}$} decay channel in pp collisions at $\sqrt{s}$ = 7 {TeV} with the {ATLAS} detector},
        Year = {2011}}
% Misc
@Article{Cacciari:2008gp,
     AUTHOR    = "Cacciari, Matteo and Salam, Gavin P. and Soyez, Gregory",
     TITLE     = "The anti-$k_t$ jet clustering algorithm",
     JOURNAL   = "JHEP",
     VOLUME    = "04",
     YEAR      = "2008",
     PAGES     = "063",
     doi       = "10.1088/1126-6708/2008/04/063",
     eprint         = "0802.1189",
     archivePrefix  = "arXiv",
     primaryClass   = "hep-ex",
}
@Article{Sjostrand:2006za,
      author         = "Sj{\"o}strand, Torbj{\"o}rn and Mrenna, Stephen and Skands, Peter",
      title          = "{PYTHIA} 6.4 physics and manual",
      journal        = "JHEP",
      volume         = "05",
      pages          = "026",
      doi            = "10.1088/1126-6708/2006/05/026",
      year           = "2006",
      eprint         = "hep-ph/0603175",
      archivePrefix  = "arXiv",
      primaryClass   = "hep-ph",
      reportNumber   = "FERMILAB-PUB-06-052-CD-T, LU-TP-06-13",
      SLACcitation   = "%%CITATION = HEP-PH/0603175;%%",
}
@INCOLLECTION{nu2,
    author        = "Giunti, C. and Laveder, M.",
    title         = "Neutrino mixing",
    booktitle     = "Developments in Quantum Physics",
    editor        = "Columbus, F. and Krasnoholovets, V.",
    publisher     = "Nova Science Publishers, Inc.",
    eprint        = "hep-ph/0310238",
    archivePrefix = "arXiv",
    primaryClass  = "hep-ph",
    year          = "2004",
    isbn          = "1-59454-003-9"
}
@techreport{CMS-PAS-PFT-09-001,
    title         = "{Particle-Flow Event Reconstruction in CMS and Performance for Jets, Taus, and MET}",
    institution   = "CERN",
    collaboration = "CMS Collaboration",
    address       = "2009. Geneva",
    number        = "CMS-PAS-PFT-09-001",
    month         = "Apr",
    year          = "2009",
}
@techreport{CMS-PAS-PFT-10-001,
    title         = "{Commissioning of the Particle-flow Event Reconstruction with the first LHC collisions recorded in the CMS detector}",
    collaboration = "CMS Collaboration",
    address       = "2010",
    number        = "CMS-PAS-PFT-10-001",
}
@misc{Jet-energy-scale,
    authour      = "{CMS Collaboration}",
    title        = "Jet Energy Scale",
    url          = "https://twiki.cern.ch/twiki/bin/view/CMS/JetEnergyScale.",
}

@misc{PHYS14,
  author = {Olsen, J},
  title = {{Introduction and Goals of PHYS14}},
  howpublished = "\url{https://indico.cern.ch/event/356534/contribution/0}",
  month = {December},
  year = {2014},
}

@misc{cousins-log-normal,
     author    = "Cousins, Robert",
     title     = "{Probability Density Functions for Positive Nuisance Parameters}",
  howpublished = "\url{http://www.physics.ucla.edu/~cousins/stats/cousins_lognormal_prior.pdf}"
}
@Article{Alwall:2008ag,
    author    = "Alwall, Johan and Schuster, Philip and Toro, Natalia",
    title     = "{Simplified Models for a First Characterization of New
                 Physics at the LHC}",
    journal   = "Phys. Rev.",
    volume    = "D79",
    year      = "2009",
    pages     = "075020",
    eprint    = "0810.3921",
    archivePrefix = "arXiv",
    primaryClass  =  "hep-ph",
    doi       = "10.1103/PhysRevD.79.075020",
    SLACcitation  = "%%CITATION = 0810.3921;%%"
}

@article{Alwall:2008va,
      author         = "Alwall, Johan and Le, My-Phuong and Lisanti, Mariangela
                        and Wacker, Jay G.",
      title          = "{Model-Independent Jets plus Missing Energy Searches}",
      journal        = "Phys.Rev.",
      volume         = "D79",
      pages          = "015005",
      doi            = "10.1103/PhysRevD.79.015005",
      year           = "2009",
      eprint         = "0809.3264",
      archivePrefix  = "arXiv",
      primaryClass   = "hep-ph",
}

@Article{sms,
     author = "Alves, D. and Arkani-Hamed, N. and Arora, S. and others",
     title     = "Simplified Models for LHC New Physics Searches",
     year      = "2011",
     eprint    = "1105.2838",
     archivePrefix = "arXiv",
     note="Official summary of results from the 'Topologies for Early LHC Searches' workshop, SLAC, September 2010",
     SLACcitation  = "%%CITATION = 1105.2838;%%"
}

@article{Bauer:2013ihz,
      author         = "Bauer, Daniel and Buckley, James and Cahill-Rowley,
                        Matthew and Cotta, Randel and Drlica-Wagner, Alex and
                        others",
      title          = "{Dark Matter in the Coming Decade: Complementary Paths to
                        Discovery and Beyond}",
      year           = "2013",
      eprint         = "1305.1605",
      archivePrefix  = "arXiv",
      primaryClass   = "hep-ph",
      reportNumber   = "FERMILAB-CONF-13-166-A-AE",
      SLACcitation   = "%%CITATION = ARXIV:1305.1605;%%",
}

@article{Buchmueller:2014yoa,
      author         = "Buchmueller, Oliver and Dolan, Matthew J. and Malik,
                        Sarah A. and McCabe, Christopher",
      title          = "{Characterising dark matter searches at colliders and
                        direct detection experiments: Vector mediators}",
      journal        = "JHEP",
      volume         = "1501",
      pages          = "037",
      doi            = "10.1007/JHEP01(2015)037",
      year           = "2015",
      eprint         = "1407.8257",
      archivePrefix  = "arXiv",
      primaryClass   = "hep-ph",
      reportNumber   = "IPPP-14-68, DCPT-14-136, SLAC-PUB-16033",
      SLACcitation   = "%%CITATION = ARXIV:1407.8257;%%",
}

@article{Buckley:2014fba,
      author         = "Buckley, Matthew R. and Feld, David and Goncalves,
                        Dorival",
      title          = "{Scalar Simplified Models for Dark Matter}",
      journal        = "Phys.Rev.",
      volume         = "D91",
      pages          = "015017",
      doi            = "10.1103/PhysRevD.91.015017",
      year           = "2015",
      eprint         = "1410.6497",
      archivePrefix  = "arXiv",
      primaryClass   = "hep-ph",
      reportNumber   = "IPPP-14-92, DCPT-14-184",
      SLACcitation   = "%%CITATION = ARXIV:1410.6497;%%",
}

@Article{Goodman:2010ku,
     author    = "Goodman, Jessica and others",
     title     = "{Constraints on Dark Matter from Colliders}",
     journal   = "Phys. Rev.",
     volume    = "D82",
     year      = "2010",
     pages     = "116010",
     eprint    = "1008.1783",
     archivePrefix = "arXiv",
     primaryClass  =  "hep-ph",
     doi       = "10.1103/PhysRevD.82.116010",
     SLACcitation  = "%%CITATION = 1008.1783;%%"
}


@article{ATLAS:2012ky,
      author         = "ATLAS Collaboration",
      title          = "{Search for dark matter candidates and large extra
                        dimensions in events with a jet and missing transverse
                        momentum with the ATLAS detector}",
      collaboration  = "ATLAS",
      journal        = "JHEP",
      volume         = "1304",
      pages          = "075",
      doi            = "10.1007/JHEP04(2013)075",
      year           = "2013",
      eprint         = "1210.4491",
      archivePrefix  = "arXiv",
      primaryClass   = "hep-ex",
      reportNumber   = "CERN-PH-EP-2012-210",
      SLACcitation   = "%%CITATION = ARXIV:1210.4491;%%",
}

@article{Chatrchyan:2012me, 
     author         = "Chatrchyan, Serguei and others",
      title          = "{Search for dark matter and large extra dimensions in
                        monojet events in $pp$ collisions at $\sqrt{s}=7$ TeV}",
      collaboration  = "CMS",
      journal        = "JHEP",
      volume         = "1209",
      pages          = "094",
      doi            = "10.1007/JHEP09(2012)094",
      year           = "2012",
      eprint         = "1206.5663",
      archivePrefix  = "arXiv",
      primaryClass   = "hep-ex",
      reportNumber   = "CMS-EXO-11-059, CERN-PH-EP-2012-168",
      SLACcitation   = "%%CITATION = ARXIV:1206.5663;%%",
}

@article{Feng:2011vu,
      author         = "Feng, Jonathan L. and Kumar, Jason and Marfatia, Danny
                        and Sanford, David",
      title          = "{Isospin-Violating Dark Matter}",
      journal        = "Phys.Lett.",
      volume         = "B703",
      pages          = "124-127",
      doi            = "10.1016/j.physletb.2011.07.083",
      year           = "2011",
      eprint         = "1102.4331",
      archivePrefix  = "arXiv",
      primaryClass   = "hep-ph",
      reportNumber   = "UCI-TR-2011-03, UH511-1157-2011",
      SLACcitation   = "%%CITATION = ARXIV:1102.4331;%%",
}


@article{Lin:2013sca,
      author         = "Lin, Tongyan and Kolb, Edward W. and Wang, Lian-Tao",
      title          = "{Probing dark matter couplings to top and bottom quarks
                        at the LHC}",
      journal        = "Phys.Rev.",
      number         = "6",
      volume         = "D88",
      pages          = "063510",
      doi            = "10.1103/PhysRevD.88.063510",
      year           = "2013",
      eprint         = "1303.6638",
      archivePrefix  = "arXiv",
      primaryClass   = "hep-ph",
      SLACcitation   = "%%CITATION = ARXIV:1303.6638;%%",
}
@article{Artoni:2013zba,
      author         = "Artoni, Giacomo and Lin, Tongyan and Penning, Bjoern and
                        Sciolla, Gabriella and Venturini, Alessio",
      title          = "{Prospects for collider searches for dark matter with
                        heavy quarks}",
      year           = "2013",
      eprint         = "1307.7834",
      archivePrefix  = "arXiv",
      primaryClass   = "hep-ex",
      SLACcitation   = "%%CITATION = ARXIV:1307.7834;%%",
}

@article{Goodman:2010yf,
      author         = "Goodman, Jessica and Ibe, Masahiro and Rajaraman, Arvind
                        and Shepherd, William and Tait, Tim M.P. and others",
      title          = "{Constraints on Light Majorana dark Matter from
                        Colliders}",
      journal        = "Phys.Lett.",
      volume         = "B695",
      pages          = "185-188",
      doi            = "10.1016/j.physletb.2010.11.009",
      year           = "2011",
      eprint         = "1005.1286",
      archivePrefix  = "arXiv",
      primaryClass   = "hep-ph",

}

@article{Fox:2011pm,
      author         = "Fox, Patrick J. and Harnik, Roni and Kopp, Joachim and
                        Tsai, Yuhsin",
      title          = "{Missing Energy Signatures of Dark Matter at the LHC}",
      journal        = "Phys.Rev.",
      volume         = "D85",
      pages          = "056011",
      doi            = "10.1103/PhysRevD.85.056011",
      year           = "2012",
      eprint         = "1109.4398",
      archivePrefix  = "arXiv",
      primaryClass   = "hep-ph",
      reportNumber   = "FERMILAB-PUB-11-478-T",
      SLACcitation   = "%%CITATION = ARXIV:1109.4398;%%",
}

@article{Petriello:2008pu,
      author         = "Petriello, Frank J. and Quackenbush, Seth and Zurek,
                        Kathryn M.",
      title          = "{The Invisible $Z^\prime$ at the CERN LHC}",
      journal        = "Phys.Rev.",
      volume         = "D77",
      pages          = "115020",
      doi            = "10.1103/PhysRevD.77.115020",
      year           = "2008",
      eprint         = "0803.4005",
      archivePrefix  = "arXiv",
      primaryClass   = "hep-ph",
      SLACcitation   = "%%CITATION = ARXIV:0803.4005;%%",
}

@article{Fox:2011fx,
      author         = "Fox, Patrick J. and Harnik, Roni and Kopp, Joachim and
                        Tsai, Yuhsin",
      title          = "{LEP Shines Light on Dark Matter}",
      journal        = "Phys.Rev.",
      volume         = "D84",
      pages          = "014028",
      doi            = "10.1103/PhysRevD.84.014028",
      year           = "2011",
      eprint         = "1103.0240",
      archivePrefix  = "arXiv",
      primaryClass   = "hep-ph",
      reportNumber   = "FERMILAB-PUB-11-039-T",
      SLACcitation   = "%%CITATION = ARXIV:1103.0240;%%",
}

@Article{b-tagging,
     author    = "{CMS Collaboration}",
     title     = "{Identification of b-quark jets with the CMS experiment}",
     year      = "2013",
     eprint    = "1211.4462",
     journal   = "JINST",
     doi       = "10.1088/1748-0221/8/04/P04013"
     }
@@misc{photon-id,
     author    = "{CMS Collaboration}",
     title     = "Egamma cut-based photon ID for Run 2",
     howpublished = "\url{https://twiki.cern.ch/twiki/bin/viewauth/CMS/CutBasedPhotonIdentificationRun2}",
     }
@@misc{pf-photon,
     author    = "{CMS Collaboration}",
     title     = "Egamma Particle Flow Based Isolation",
     howpublished = "\url{https://twiki.cern.ch/twiki/bin/view/CMS/EgammaPFBasedIsolation}",
     }
@@misc{electron-id,
     author    = "{CMS Collaboration}",
     title     = "Egamma cut-based electron ID for Run 2",
     howpublished = "\url{https://twiki.cern.ch/twiki/bin/viewauth/CMS/CutBasedElectronIdentificationRun2}",
     }
@@misc{met-corrections,
     author    = "{CMS Collaboration}",
     title     = "MET Corrections",
     howpublished = "\url{https://twiki.cern.ch/twiki/bin/view/CMS/MissingET}",
     }

@article{Chatrchyan:2013lya,
      author         = "Chatrchyan, Serguei and others",
      title          = "{Search for supersymmetry in hadronic final states with
                        missing transverse energy using the variables $\alpha_T$
                        and b-quark multiplicity in pp collisions at $\sqrt s=8$
                        TeV}",
      collaboration  = "CMS",
      journal        = "Eur.Phys.J.",
      number         = "9",
      volume         = "C73",
      pages          = "2568",
      doi            = "10.1140/epjc/s10052-013-2568-6",
      year           = "2013",
      eprint         = "1303.2985",
      archivePrefix  = "arXiv",
      primaryClass   = "hep-ex",
      reportNumber   = "CMS-SUS-12-028, CERN-PH-EP-2013-037",
      SLACcitation   = "%%CITATION = ARXIV:1303.2985;%%",
}
@article{Bern:2011pa,
      author         = "Bern, Z. and Diana, G. and Dixon, L.J. and Febres
                        Cordero, F. and Hoche, S. and others",
      title          = "{Driving Missing Data at Next-to-Leading Order}",
      journal        = "Phys.Rev.",
      volume         = "D84",
      pages          = "114002",
      doi            = "10.1103/PhysRevD.84.114002",
      year           = "2011",
      eprint         = "1106.1423",
      archivePrefix  = "arXiv",
      primaryClass   = "hep-ph",
      reportNumber   = "SLAC-PUB-14472, UCLA-11-TEP-106, CERN-PH-TH-2011-125,
                        IPHT-T11-146, IPPP-11-29, NSF-KITP-11-093, SB-F-387-11",
      SLACcitation   = "%%CITATION = ARXIV:1106.1423;%%",
}


@techreport{CMS-PAS-SUS-08-002,
      title         = "{Data-Driven Estimation of the Invisible Z Background to
                       the SUSY MET Plus Jets Search}",
      institution   = "CERN",
      collaboration = "CMS Collaboration",
      address       = "2009. Geneva",
      number        = "CMS-PAS-SUS-08-002",
      month         = "Jan",
      year          = "2009",
}
