AN-15-004.bib