--- COMMENTS may be placed outside the @ENTRYTYPE{ ... } stuctures
--- CMS guidelines
---- Every journal article citation should include the DOI, assuming one exists.
---- All URLs for CMS notes, ANs, etc, should refer to the CDS server, not the CMS server. Use our standard format for them, as shown below.
----  CMS Notes not available on CDS are regarded as private and may not be cited.
----  CMS physics papers (i.e., those intended for publication in journals) may reference only POG PASs, not PAG PASs.
---- For papers by collaborations, list the collaboration in the COLLABOROATION field and put the first author and "and others" in the AUTHOR field.
----  If only the collaboration is listed as the author, put "{XXX Collaboration}" under AUTHOR.
----  Note that we automatically replace the AUTHOR field with the collaboration name for ATLAS, CMS, LHCb, and ATLAS at submission time.
---- Other items:
----   PAGES: Please only list the first page, not the range.
----   ISSUE: Please do not include in most cases.
----   URL: Do not include this field if a DOI is available.
---- Number of authors to list:
----   PRL requests that we include all authors up to fifteen except for large collaborations, and we take this as our internal guide as well. If there
----   are more than fifteen, just list the first author + "and others", as above.
----   The individual journal bib style file (theirs, ours, PLB, etc.) will truncate at the appropriate point. We have ours set to _1_ for more than four.
---- Use only the URL field instead of embedding an href (this is a change in our practice).
---- A reference only published on the arXiv should be listed as UNPUBLISHED (with a note "Submitted to XXX" for large collaboration papers).
----   Experimental papers only on the arXiv and not submitted for publication may not be cited.
---- Some journals will lowercase the title: use {} to protect words which must be capitalized, e.g., {LHC}, {TeV}, {CERN}, {CMS}.
----  Do not escape the entire title as it will then clash with the journal style.
---- Journal names: the journals generally include the series in the journal name, "Physical Review D", vol 5, rather than PR D5

@article{Aad:2015pfx,
      title          = "{ATLAS Run 1 searches for direct pair production of
                        third-generation squarks at the Large Hadron Collider}",
      collaboration  = "ATLAS",
      journal        = "Eur. Phys. J. C",
      volume         = "75",
      year           = "2015",
      pages          = "510",
      doi            = "10.1140/epjc/s10052-015-3726-9,
                        10.1140/epjc/s10052-016-3935-x",
      note           = "[Erratum: {\it Eur. Phys. J. C} {\bf 76}, (2016) 153]",
      eprint         = "1506.08616",
      archivePrefix  = "arXiv",
      primaryClass   = "hep-ex",
      reportNumber   = "CERN-PH-EP-2015-138",
      SLACcitation   = "%%CITATION = ARXIV:1506.08616;%%"
}

%%
Table~\ref{tab:fit-result} shows the results of the SM background
expectation in the signal region as a function of \njet, \nb, and
\scalht as obtained from yields in the data control samples and the MC
transfer factors (labelled ``a priori''). No significant discrepancies
between SM background prediction and the data in the signal region are
observed.  In addition, the expected SM yields from a simultaneous fit
to up to three data control regions and the signal regions is
presented, where the likelihood is maximised over all fit parameters
under the SM-only hypothesis (labelled SM). The p-value probabilities
for all \njet and \nb categories are found to be uniformly
distributed, with a minimum value of 0.19.


@article{Khachatryan:2016pup,
      title          = "{Search for direct pair production of scalar
                  top quarks in the single- and dilepton channels in
                  proton-proton collisions at $\sqrt{s} = 8\TeV$}",
      collaboration  = "CMS",
      journal        = "JHEP",
      volume         = "07",
      year           = "2016",
      pages          = "027",
      doi            = "10.1007/JHEP07(2016)027",
      eprint         = "1602.03169",
      archivePrefix  = "arXiv",
      primaryClass   = "hep-ex",
      reportNumber   = "CMS-SUS-14-015, CERN-PH-EP-2016-004, CERN-EP-2016-004",
      SLACcitation   = "%%CITATION = ARXIV:1602.03169;%%"
}

@Unpublished{higgs-comb,
      author         = "{ATLAS and CMS Collaborations, LHC Higgs Combination Group}",
      title          = "{Procedure for the LHC Higgs boson search combination in Summer 2011}",
      note           = {\href{http://cds.cern.ch/record/1379837}{Technical Report ATL-PHYS-PUB 2011-11, CMS NOTE 2011/005}},
    year = "2011",
}

@article{xs-1,
      author         = "Gavin, R. and Li, Y. and Petriello, F. and Quackenbush, S.",
      title          = "{FEWZ 2.0: A code for hadronic Z production at next-to-next-to-leading order}",
      journal        = "Comput. Phys. Commun.",
      volume         = "182",
      year           = "2011",
      pages          = "2388",
      doi            = "10.1016/j.cpc.2011.06.008",
      eprint         = "1011.3540",
      archivePrefix  = "arXiv",
      primaryClass   = "hep-ex",
      SLACcitation   = "%%CITATION = ARXIV:1011.3540;%%"
}

@article{Gavin:2012sy,
      author         = "Gavin, R. and Li, Y. and Petriello, F. and
                        Quackenbush, S.",
      title          = "{W Physics at the LHC with FEWZ 2.1}",
      journal        = "Comput. Phys. Commun.",
      volume         = "184",
      year           = "2013",
      pages          = "208",
      doi            = "10.1016/j.cpc.2012.09.005",
      eprint         = "1201.5896",
      archivePrefix  = "arXiv",
      primaryClass   = "hep-ph",
      reportNumber   = "ANL-HEP-PR-11-83, NUHEP-TH-12-01, PSI-PR-12-01",
      SLACcitation   = "%%CITATION = ARXIV:1201.5896;%%"
}

@article{xs-2,
      author         = "Campbell, J. M. and Ellis, R. K. and Williams, C.",
      title          = "{Vector boson pair production at the LHC}",
      journal        = "JHEP",
      volume         = "07",
      year           = "2011",
      pages          = "018",
      doi            = "10.1007/JHEP07(2011)018",
      eprint         = "1105.0020",
      archivePrefix  = "arXiv",
      primaryClass   = "hep-ex",
      SLACcitation   = "%%CITATION = ARXIV:1105.0020;%%"
}

@article{xs-3,
      author         = "Kidonakis, N.",
      title          = "{Next-to-next-to-leading-order collinear and soft gluon corrections for t-channel single top quark production}",
      journal        = "Phys. Rev. D",
      volume         = "83",
      year           = "2011",
      pages          = "091503",
      doi            = "10.1103/PhysRevD.83.091503",
      eprint         = "1103.2792",
      archivePrefix  = "arXiv",
      primaryClass   = "hep-ex",
      SLACcitation   = "%%CITATION = ARXIV:1103.2792;%%"
}

@article{single-lepton-stop,
      author         = "Chatrchyan, Serguei and others",
      title          = "{Search for top-squark pair production in the
                        single-lepton final state in pp collisions at $\sqrt{s} =
                        8\TeV$}",
      collaboration  = "CMS",
      journal        = "Eur. Phys. J. C",
      volume         = "73",
      year           = "2013",
      pages          = "2677",
      doi            = "10.1140/epjc/s10052-013-2677-2",
      eprint         = "1308.1586",
      archivePrefix  = "arXiv",
      primaryClass   = "hep-ex",
      reportNumber   = "CMS-SUS-13-011, CERN-PH-EP-2013-148",
      SLACcitation   = "%%CITATION = ARXIV:1308.1586;%%"
}

@article{CMS-PAS-BTV-12-001,
     AUTHOR = "Chatrchyan, S. and others",
     collaboration = "CMS",
  title={Identification of b-quark jets with the CMS experiment},
  journal={JINST},
  volume={8},
  pages={P04013},
  year={2013},
doi="10.1088/1748-0221/8/04/P04013"
}

@Article{ref:barbierinsusy,
      author         = "Barbieri, Riccardo and Pappadopulo, Duccio",
      title          = "{S-particles at their naturalness limits}",
      journal        = "JHEP",
      volume         = "10",
      year           = "2009",
      pages          = "061",
      doi            = "10.1088/1126-6708/2009/10/061",
      eprint         = "0906.4546",
      archivePrefix  = "arXiv",
      primaryClass   = "hep-ph",
      SLACcitation   = "%%CITATION = ARXIV:0906.4546;%%"
}

@Techreport{lumi,
     AUTHOR = "{CMS Collaboration}",
     COLLABORATION = "CMS",
     TITLE = "CMS Luminosity Based on Pixel Cluster Counting - Summer 2012 Update",
     TYPE = "CMS Physics Analysis Summary",
     NUMBER = "CMS-PAS-LUM-12-001",
     URL = "http://cdsweb.cern.ch/record/1482193",
     YEAR = "2012",
}		


@article{Beenakker:1996ch,
      author         = "Beenakker, W. and H{\"o}pker, R. and Spira, M. and Zerwas, P.
                        M.",
      title          = "Squark and gluino production at hadron colliders",
      journal        = "Nucl. Phys. B",
      volume         = "492",
      year           = "1997",
      pages          = "51",
      doi            = "10.1016/S0550-3213(97)80027-2",
      eprint         = "hep-ph/9610490",
      archivePrefix  = "arXiv",
      primaryClass   = "hep-ph",
      reportNumber   = "DESY-96-150, CERN-TH-96-215",
      SLACcitation   = "%%CITATION = HEP-PH/9610490;%%"
}

@article{PhysRevLett.102.111802,
      author         = "Kulesza, A. and Motyka, L.",
      title          = "Threshold Resummation for Squark-Antisquark and
                        Gluino-Pair Production at the {LHC}",
      journal        = "Phys. Rev. Lett.",
      volume         = "102",
      year           = "2009",
      pages          = "111802",
      doi            = "10.1103/PhysRevLett.102.111802",
      eprint         = "0807.2405",
      archivePrefix  = "arXiv",
      primaryClass   = "hep-ph",
      reportNumber   = "DESY-08-096",
      SLACcitation   = "%%CITATION = ARXIV:0807.2405;%%"
}
@article{PhysRevD.80.095004,
      author         = "Kulesza, A. and Motyka, L.",
      title          = "{Soft gluon resummation for the production of
                        gluino-gluino and squark-antisquark pairs at the LHC}",
      journal        = "Phys. Rev. D",
      volume         = "80",
      year           = "2009",
      pages          = "095004",
      doi            = "10.1103/PhysRevD.80.095004",
      eprint         = "0905.4749",
      archivePrefix  = "arXiv",
      primaryClass   = "hep-ph",
      reportNumber   = "DESY-09-078, PITHA-09-11",
      SLACcitation   = "%%CITATION = ARXIV:0905.4749;%%"
}
@article{1126-6708-2009-12-041,
      author         = {Beenakker, Wim and Brensing, Silja and Kr{\"a}mer, Michael
                        and Kulesza, Anna and Laenen, Eric and Niessen, Irene},
      title          = "Soft-gluon resummation for squark and gluino
                        hadroproduction",
      journal        = "JHEP",
      volume         = "12",
      year           = "2009",
      pages          = "041",
      doi            = "10.1088/1126-6708/2009/12/041",
      eprint         = "0909.4418",
      archivePrefix  = "arXiv",
      primaryClass   = "hep-ph",
      reportNumber   = "ITP-UU-09-33, NIKHEF-2009-015",
      SLACcitation   = "%%CITATION = ARXIV:0909.4418;%%"
}

@article{doi:10.1142/S0217751X11053560,
      author         = {Beenakker, W. and Brensing, S. and Kr{\"a}mer, M. n and
                        Kulesza, A. and Laenen, E. and Motyka, L. and Niessen, I.},
      title          = "Squark and gluino hadroproduction",
      journal        = "Int. J. Mod. Phys. A",
      volume         = "26",
      year           = "2011",
      pages          = "2637",
      doi            = "10.1142/S0217751X11053560",
      eprint         = "1105.1110",
      archivePrefix  = "arXiv",
      primaryClass   = "hep-ph",
      reportNumber   = "DESY-11-060, ITFA-11-09, ITP-UU-11-13, NIKHEF-2011-011,
                        TTK-11-12",
      SLACcitation   = "%%CITATION = ARXIV:1105.1110;%%"
}

@Unpublished{susy-nlo-nll,
      author         = {Kr{\"a}mer, Michael and Kulesza, Anna and van der Leeuw,
                        Robin and Mangano, Michelangelo and Padhi, Sanjay and
                        Plehn, Tilman and Portell, Xavier},
      title          = "{Supersymmetry production cross sections in pp
                        collisions at $\sqrt{s} = 7\TeV$}",
      year           = "2012",
      eprint         = "1206.2892",
      archivePrefix  = "arXiv",
      primaryClass   = "hep-ph",
      reportNumber   = "CERN-PH-TH-2012-163",
      SLACcitation   = "%%CITATION = ARXIV:1206.2892;%%"
}

@article{junk,
      author         = "Junk, Thomas",
      title          = "{Confidence level computation for combining searches with
                        small statistics}",
      journal        = "Nucl. Instrum. Meth. A",
      volume         = "434",
      year           = "1999",
      pages          = "435",
      doi            = "10.1016/S0168-9002(99)00498-2",
      eprint         = "hep-ex/9902006",
      archivePrefix  = "arXiv",
      primaryClass   = "hep-ex",
      reportNumber   = "CARLETON-OPAL-PHYS-99-01, CERN-EP-99-041",
      SLACcitation   = "%%CITATION = HEP-EX/9902006;%%"
}
@article{read,
  author = "Read, A. L.",
  title = "Presentation of search results: the {$CL_s$} technique",
  journal = "J. Phys. G",
  volume = "28",
  pages = "2693",
  doi = "10.1088/0954-3899/28/10/313",
  year = "2002",
  SLACcitation   = "%%CITATION = JPHGB,G28,2693;%%",
}

@article{Cowan:2010js,
      author         = "Glen Cowan and Kyle Cranmer and Eilam Gross and Ofer Vitells",
      title          = "{Asymptotic formulae for likelihood-based tests of new
                        physics}",
      journal        = "Eur. Phys. J. C",
      volume         = "71",
      pages          = "1554",
      doi            = "10.1140/epjc/s10052-011-1554-0",
      year           = "2011",
}


@article{Pumplin:2002vw,
      author         = "Pumplin, J. and Stump, D. R. and Huston, J. and Lai, H.
                        L. and Nadolsky, Pavel M. and Tung, W. K.",
      title          = "{New generation of parton distributions with
                        uncertainties from global QCD analysis}",
      journal        = "JHEP",
      volume         = "07",
      year           = "2002",
      pages          = "012",
      doi            = "10.1088/1126-6708/2002/07/012",
      eprint         = "hep-ph/0201195",
      archivePrefix  = "arXiv",
      primaryClass   = "hep-ph",
      reportNumber   = "MSU-HEP-011101",
      SLACcitation   = "%%CITATION = HEP-PH/0201195;%%"
}

@article{ct10,
      author         = "Lai, Hung-Liang and Guzzi, Marco and Huston, Joey and Li, Zhao and Nadolsky, Pavel M. and Pumplin, Jon and Yuan, C.-P.",
      title          = "{New parton distributions for collider physics}",
      journal        = "Phys. Rev. D",
      volume         = "82",
      year           = "2010",
      pages          = "074024",
      doi            = "10.1103/PhysRevD.82.074024",
      eprint         = "1007.2241",
      archivePrefix  = "arXiv",
      primaryClass   = "hep-ph",
      reportNumber   = "MSUHEP-100707, SMU-HEP-10-10",
      SLACcitation   = "%%CITATION = ARXIV:1007.2241;%%"
}

@Article{powheg,
      author         = "Frixione, Stefano and Nason, Paolo and Oleari, Carlo",
      title          = "{Matching NLO QCD computations with parton shower
                        simulations: the POWHEG method}",
      journal        = "JHEP",
      volume         = "11",
      year           = "2007",
      pages          = "070",
      doi            = "10.1088/1126-6708/2007/11/070",
      eprint         = "0709.2092",
      archivePrefix  = "arXiv",
      primaryClass   = "hep-ph",
      reportNumber   = "BICOCCA-FT-07-9, GEF-TH-21-2007",
      SLACcitation   = "%%CITATION = ARXIV:0709.2092;%%"
}

@article{Nason:2004rx,
      author         = "Nason, Paolo",
      title          = "{A New method for combining NLO QCD with shower Monte
                        Carlo algorithms}",
      journal        = "JHEP",
      volume         = "11",
      year           = "2004",
      pages          = "040",
      doi            = "10.1088/1126-6708/2004/11/040",
      eprint         = "hep-ph/0409146",
      archivePrefix  = "arXiv",
      primaryClass   = "hep-ph",
      reportNumber   = "BICOCCA-FT-04-11",
      SLACcitation   = "%%CITATION = HEP-PH/0409146;%%"
}
@article{Alioli:2010xd,
      author         = "Alioli, Simone and Nason, Paolo and Oleari, Carlo and Re,
                        Emanuele",
      title          = "{A general framework for implementing NLO calculations in
                        shower Monte Carlo programs: the POWHEG BOX}",
      journal        = "JHEP",
      volume         = "06",
      year           = "2010",
      pages          = "043",
      doi            = "10.1007/JHEP06(2010)043",
      eprint         = "1002.2581",
      archivePrefix  = "arXiv",
      primaryClass   = "hep-ph",
      reportNumber   = "DESY-10-018, SFB-CPP-10-22, IPPP-10-11, DCPT-10-22",
      SLACcitation   = "%%CITATION = ARXIV:1002.2581;%%"
}
@article{Frixione:2007nw,
      author         = "Frixione, Stefano and Nason, Paolo and Ridolfi, Giovanni",
      title          = "{A positive-weight next-to-leading-order Monte Carlo for
                        heavy flavour hadroproduction}",
      journal        = "JHEP",
      volume         = "09",
      year           = "2007",
      pages          = "126",
      doi            = "10.1088/1126-6708/2007/09/126",
      eprint         = "0707.3088",
      archivePrefix  = "arXiv",
      primaryClass   = "hep-ph",
      reportNumber   = "BICOCCA-FT-07-12, GEF-TH-19-2007",
      SLACcitation   = "%%CITATION = ARXIV:0707.3088;%%"
}

@Article{geant,
      author         = "Agostinelli, S. and others",
      title          = "{GEANT4---a simulation toolkit}",
      collaboration  = "GEANT4",
      journal        = "Nucl. Instrum. Meth. A",
      volume         = "506",
      year           = "2003",
      pages          = "250",
      doi            = "10.1016/S0168-9002(03)01368-8",
      reportNumber   = "SLAC-PUB-9350, FERMILAB-PUB-03-339",
      SLACcitation   = "%%CITATION = NUIMA,A506,250;%%"
}

@TECHREPORT{CMS-PAS-PFT-09-001,
      AUTHOR      = "{CMS Collaboration}",
      COLLABORATION = "CMS",
      TITLE       = "Particle--Flow Event Reconstruction in {CMS} and Performance for Jets, Taus, and {\MET}",
      URL         = "http://cdsweb.cern.ch/record/1194487",
      TYPE        = "CMS Physics Analysis Summary",
      NUMBER      = "CMS-PAS-PFT-09-001",
      YEAR        = "2009"
}

@TECHREPORT{CMS-PAS-PFT-10-001,
      AUTHOR      = "{CMS Collaboration}",
      COLLABORATION = "CMS",
      TITLE       = "Commissioning of the particle-flow event reconstruction with the first {LHC} collisions recorded in the {CMS} detector",
      URL         = "http://cdsweb.cern.ch/record/1247373",
      TYPE        = "CMS Physics Analysis Summary",
      NUMBER      = "CMS-PAS-PFT-10-001",
      YEAR        = "2010"
}

@article{cms-met,
      author         = "Chatrchyan, Serguei and others",
      title          = "{Missing transverse energy performance of the CMS
                        detector}",
      collaboration  = "CMS",
      journal        = "JINST",
      volume         = "6",
      year           = "2011",
      pages          = "P09001",
      doi            = "10.1088/1748-0221/6/09/P09001",
      eprint         = "1106.5048",
      archivePrefix  = "arXiv",
      primaryClass   = "physics.ins-det",
      reportNumber   = "CERN-PH-EP-2011-051, CMS-JME-10-009",
      SLACcitation   = "%%CITATION = ARXIV:1106.5048;%%"
}

@article{RA1Paper2012,
      author         = "Chatrchyan, Serguei and others",
      title          = "{Search for supersymmetry in hadronic final states with
                        missing transverse energy using the variables $\alpha_\text{T}$
                        and b-quark multiplicity in pp collisions at $\sqrt{s} = 8\TeV$}",
      collaboration  = "CMS",
      journal        = "Eur. Phys. J. C",
      volume         = "73",
      year           = "2013",
      pages          = "2568",
      doi            = "10.1140/epjc/s10052-013-2568-6",
      eprint         = "1303.2985",
      archivePrefix  = "arXiv",
      primaryClass   = "hep-ex",
      reportNumber   = "CMS-SUS-12-028, CERN-PH-EP-2013-037",
      SLACcitation   = "%%CITATION = ARXIV:1303.2985;%%"
}


@article{RA1Paper2011FULL,
      author         = "Chatrchyan, Serguei and others",
      title          = "{Search for supersymmetry in final states with missing
                        transverse energy and 0, 1, 2, or at least 3 b-quark jets
                        in 7 TeV pp collisions using the variable $\alpha_\text{T}$}",
      collaboration  = "CMS",
      journal        = "JHEP",
      volume         = "01",
      year           = "2013",
      pages          = "077",
      doi            = "10.1007/JHEP01(2013)077",
      eprint         = "1210.8115",
      archivePrefix  = "arXiv",
      primaryClass   = "hep-ex",
      reportNumber   = "CMS-SUS-11-022, CERN-PH-EP-2012-290",
      SLACcitation   = "%%CITATION = ARXIV:1210.8115;%%"
}


@article{RA1Paper2011,
      author         = "Chatrchyan, Serguei and others",
      title          = "Search for Supersymmetry at the {LHC} in Events with Jets
                        and Missing Transverse Energy",
      collaboration  = "CMS",
      journal        = "Phys. Rev. Lett.",
      volume         = "107",
      year           = "2011",
      pages          = "221804",
      doi            = "10.1103/PhysRevLett.107.221804",
      eprint         = "1109.2352",
      archivePrefix  = "arXiv",
      primaryClass   = "hep-ex",
      reportNumber   = "CERN-PH-EP-2011-138, CMS-SUS-11-003",
      SLACcitation   = "%%CITATION = ARXIV:1109.2352;%%"
}

@Article{RA1Paper,
      author         = "Khachatryan, Vardan and others",
      title          = "Search for supersymmetry in pp collisions at 7 {TeV} in
                        events with jets and missing transverse energy",
      collaboration  = "CMS",
      journal        = "Phys. Lett. B",
      volume         = "698",
      year           = "2011",
      pages          = "196",
      doi            = "10.1016/j.physletb.2011.03.021",
      eprint         = "1101.1628",
      archivePrefix  = "arXiv",
      primaryClass   = "hep-ex",
      reportNumber   = "CERN-PH-EP-2010-084, CMS-SUS-10-003",
      SLACcitation   = "%%CITATION = ARXIV:1101.1628;%%"
}

@article{cms-1,
      author         = "Chatrchyan, Serguei and others",
      title          = "{Search for supersymmetry in events with b-quark jets and
                        missing transverse energy in pp collisions at 7 TeV}",
      collaboration  = "CMS",
      journal        = "Phys. Rev. D",
      volume         = "86",
      year           = "2012",
      pages          = "072010",
      doi            = "10.1103/PhysRevD.86.072010",
      eprint         = "1208.4859",
      archivePrefix  = "arXiv",
      primaryClass   = "hep-ex",
      reportNumber   = "CMS-SUS-12-003, CERN-PH-EP-2012-240",
      SLACcitation   = "%%CITATION = ARXIV:1208.4859;%%"
}

@article{cms-2,
      author         = "Chatrchyan, Serguei and others",
      title          = "{Search for supersymmetry in hadronic final states using
                        M$_{T2}$ in pp collisions at $\sqrt{s} = 7\TeV$}",
      collaboration  = "CMS",
      journal        = "JHEP",
      volume         = "10",
      year           = "2012",
      pages          = "018",
      doi            = "10.1007/JHEP10(2012)018",
      eprint         = "1207.1798",
      archivePrefix  = "arXiv",
      primaryClass   = "hep-ex",
      reportNumber   = "CMS-SUS-12-002, CERN-PH-EP-2012-058, CERN-PH-EP-2012-186",
      SLACcitation   = "%%CITATION = ARXIV:1207.1798;%%"
}

@article{cms-3,
      author         = "Chatrchyan, Serguei and others",
      title          = "Search for New Physics in the Multijet and Missing
                        Transverse Momentum Final State in Proton-Proton
                        Collisions at {$\sqrt{s} = 7\TeV$}",
      collaboration  = "CMS",
      journal        = "Phys. Rev. Lett.",
      volume         = "109",
      year           = "2012",
      pages          = "17180",
      doi            = "10.1103/PhysRevLett.109.171803",
      eprint         = "1207.1898",
      archivePrefix  = "arXiv",
      primaryClass   = "hep-ex",
      reportNumber   = "CMS-SUS-12-011, CERN-PH-EP-2012-184",
      SLACcitation   = "%%CITATION = ARXIV:1207.1898;%%"
}

@article{cms-4,
      author         = "Chatrchyan, Serguei and others",
      title          = "{Inclusive search for squarks and gluinos in pp
                        collisions at $\sqrt{s} = 7\TeV$}",
      collaboration  = "CMS",
      journal        = "Phys. Rev. D",
      volume         = "85",
      year           = "2012",
      pages          = "012004",
      doi            = "10.1103/PhysRevD.85.012004",
      eprint         = "1107.1279",
      archivePrefix  = "arXiv",
      primaryClass   = "hep-ex",
      reportNumber   = "CERN-PH-EP-2011-099, CMS-SUS-10-009",
      SLACcitation   = "%%CITATION = ARXIV:1107.1279;%%"
}

@article{cms-5,
      author         = "Khachatryan, Vardan and others",
      title          = "Search for supersymmetry using razor variables in events
                        with $b$-tagged jets in $pp$ collisions at {$\sqrt{s} = 8\TeV$}",
      collaboration  = "CMS",
      journal        = "Phys. Rev. D",
      volume         = "91",
      year           = "2015",
      pages          = "052018",
      doi            = "10.1103/PhysRevD.91.052018",
      eprint         = "1502.00300",
      archivePrefix  = "arXiv",
      primaryClass   = "hep-ex",
      reportNumber   = "CMS-SUS-13-004, CERN-PH-EP-2015-005",
      SLACcitation   = "%%CITATION = ARXIV:1502.00300;%%"
}

@article{cms-6,
      author         = "Chatrchyan, Serguei and others",
      title          = "{Search for new physics in the multijet and missing
                        transverse momentum final state in proton-proton
                        collisions at $\sqrt{s} = 8\TeV$}",
      collaboration  = "CMS",
      journal        = "JHEP",
      volume         = "06",
      year           = "2014",
      pages          = "055",
      doi            = "10.1007/JHEP06(2014)055",
      eprint         = "1402.4770",
      archivePrefix  = "arXiv",
      primaryClass   = "hep-ex",
      reportNumber   = "CMS-SUS-13-012, CERN-PH-EP-2014-015",
      SLACcitation   = "%%CITATION = ARXIV:1402.4770;%%"
}
@article{cms-7,
      author         = "Chatrchyan, Serguei and others",
      title          = "{Search for gluino mediated bottom- and top-squark
                        production in multijet final states in pp collisions at 8
                        TeV}",
      collaboration  = "CMS",
      journal        = "Phys. Lett. B",
      volume         = "725",
      year           = "2013",
      pages          = "243",
      doi            = "10.1016/j.physletb.2013.06.058",
      eprint         = "1305.2390",
      archivePrefix  = "arXiv",
      primaryClass   = "hep-ex",
      reportNumber   = "CMS-SUS-12-024, CERN-PH-EP-2013-076",
      SLACcitation   = "%%CITATION = ARXIV:1305.2390;%%"
}

@article{cms-8,
      author         = "Chatrchyan, Serguei and others",
      title          = "{Search for supersymmetry with razor variables in pp
                        collisions at $\sqrt{s} = 7\TeV$}",
      collaboration  = "CMS",
      journal        = "Phys. Rev. D",
      volume         = "90",
      year           = "2014",
      pages          = "112001",
      doi            = "10.1103/PhysRevD.90.112001",
      eprint         = "1405.3961",
      archivePrefix  = "arXiv",
      primaryClass   = "hep-ex",
      reportNumber   = "CMS-SUS-12-005, CERN-PH-EP-2014-057",
      SLACcitation   = "%%CITATION = ARXIV:1405.3961;%%"
}

@article{cms-9,
      author         = "Khachatryan, Vardan and others",
      title          = "{Searches for third-generation squark production in fully
                        hadronic final states in proton-proton collisions at $
                        \sqrt{s} = 8\TeV$}",
      collaboration  = "CMS",
      journal        = "JHEP",
      volume         = "06",
      year           = "2015",
      pages          = "116",
      doi            = "10.1007/JHEP06(2015)116",
      eprint         = "1503.08037",
      archivePrefix  = "arXiv",
      primaryClass   = "hep-ex",
      reportNumber   = "CMS-SUS-14-001, CERN-PH-EP-2015-055",
      SLACcitation   = "%%CITATION = ARXIV:1503.08037;%%"
}

@article{cms-10,
      author         = "Khachatryan, Vardan and others",
      title          = "{Searches for supersymmetry using the M$_{T2}$ variable
                        in hadronic events produced in pp collisions at 8 TeV}",
      collaboration  = "CMS",
      journal        = "JHEP",
      volume         = "05",
      year           = "2015",
      pages          = "078",
      doi            = "10.1007/JHEP05(2015)078",
      eprint         = "1502.04358",
      archivePrefix  = "arXiv",
      primaryClass   = "hep-ex",
      reportNumber   = "CMS-SUS-13-019, CERN-PH-EP-2015-017",
      SLACcitation   = "%%CITATION = ARXIV:1502.04358;%%"
}

@article{cms-11,
      author         = "Chatrchyan, Serguei and others",
      title          = "{Inclusive search for supersymmetry using the razor
                        variables in pp collisions at $\sqrt{s} = 7\TeV$}",
      collaboration  = "CMS",
      journal        = "Phys. Rev. Lett.",
      volume         = "111",
      year           = "2013",
      pages          = "081802",
      doi            = "10.1103/PhysRevLett.111.081802",
      eprint         = "1212.6961",
      archivePrefix  = "arXiv",
      primaryClass   = "hep-ex",
      reportNumber   = "CMS-SUS-11-024, CERN-PH-EP-2012-332",
      SLACcitation   = "%%CITATION = ARXIV:1212.6961;%%"
}

@article{cms-12,
      author         = "Khachatryan, V. and others",
      title          = "{Search for supersymmetry in the multijet and missing transverse momentum final state in pp collisions at 13 TeV}",
      collaboration  = "CMS",
      journal        = "Phys. Lett. B",
      volume         = "758",
      pages          = "152",
      year           = "2016",
      doi            = "10.1016/j.physletb.2016.05.002",
      eprint         = "1602.06581",
      archivePrefix  = "arXiv",
      primaryClass   = "hep-ex",
      reportNumber   = {CERN-EP-2016-036, CMS-SUS-15-002},
      SLACcitation   = "%%CITATION = ARXIV:1602.06581;%%"
}

@unpublished{cms-13,
      author         = "Khachatryan, V. and others",
      title          = "{Search for new physics with the M$_{T2}$ variable in all-jets final states produced in pp collisions at $\sqrt{s} = 13\TeV$}",
      collaboration  = "CMS",
      year           = "2016",
      eprint         = "1603.04053",
      archivePrefix  = "arXiv",
      primaryClass   = "hep-ex",
      reportNumber   = {CERN-EP-2016-067, CMS-SUS-15-003},
      note           = {Submitted to {\it JHEP}},
      SLACcitation   = "%%CITATION = ARXIV:1603.04053;%%"
}

@article{atlas-0,
      author         = "Aad, Georges and others",
      title          = "{Multi-channel search for squarks and gluinos in
                        $\sqrt{s} = 7\TeV$ pp collisions with the ATLAS detector}",
      collaboration  = "ATLAS",
      journal        = "Eur. Phys. J. C",
      volume         = "73",
      year           = "2013",
      pages          = "2362",
      doi            = "10.1140/epjc/s10052-013-2362-5",
      eprint         = "1212.6149",
      archivePrefix  = "arXiv",
      primaryClass   = "hep-ex",
      reportNumber   = "CERN-PH-EP-2012-330",
      SLACcitation   = "%%CITATION = ARXIV:1212.6149;%%"
}

@article{atlas-1,
      author         = "Aad, Georges and others",
      title          = "Search for a Supersymmetric Partner to the Top Quark in
                        Final States with Jets and Missing Transverse Momentum at
                        {$\sqrt{s} = 7\TeV$} with the {ATLAS} Detector",
      collaboration  = "ATLAS",
      journal        = "Phys. Rev. Lett.",
      volume         = "109",
      year           = "2012",
      pages          = "211802",
      doi            = "10.1103/PhysRevLett.109.211802",
      eprint         = "1208.1447",
      archivePrefix  = "arXiv",
      primaryClass   = "hep-ex",
      reportNumber   = "CERN-PH-EP-2012-201",
      SLACcitation   = "%%CITATION = ARXIV:1208.1447;%%"
}

@article{atlas-2,
      author         = "Aad, Georges and others",
      title          = "{Search for squarks and gluinos using final states with
                        jets and missing transverse momentum with the ATLAS
                        detector in $\sqrt{s} = 7\TeV$ proton-proton collisions}",
      collaboration  = "ATLAS",
      journal        = "Phys. Lett. B",
      volume         = "710",
      year           = "2012",
      pages          = "67",
      doi            = "10.1016/j.physletb.2012.02.051",
      eprint         = "1109.6572",
      archivePrefix  = "arXiv",
      primaryClass   = "hep-ex",
      reportNumber   = "CERN-PH-EP-2011-145",
      SLACcitation   = "%%CITATION = ARXIV:1109.6572;%%"
}

@article{atlas-3,
      author         = "Aad, Georges and others",
      title          = "{Search for top and bottom squarks from gluino pair
                        production in final states with missing transverse energy
                        and at least three b-jets with the ATLAS detector}",
      collaboration  = "ATLAS",
      journal        = "Eur. Phys. J. C",
      volume         = "72",
      year           = "2012",
      pages          = "2174",
      doi            = "10.1140/epjc/s10052-012-2174-z",
      eprint         = "1207.4686",
      archivePrefix  = "arXiv",
      primaryClass   = "hep-ex",
      reportNumber   = "CERN-PH-EP-2012-194",
      SLACcitation   = "%%CITATION = ARXIV:1207.4686;%%"
}

@article {atlas-4,
      author         = "Aad, Georges and others",
      title          = "{Hunt for new phenomena using large jet multiplicities
                        and missing transverse momentum with ATLAS in 4.7
                        fb$^{-1}$ of $\sqrt{s} = 7\TeV$ proton-proton collisions}",
      collaboration  = "ATLAS",
      journal        = "JHEP",
      volume         = "07",
      year           = "2012",
      pages          = "167",
      doi            = "10.1007/JHEP07(2012)167",
      eprint         = "1206.1760",
      archivePrefix  = "arXiv",
      primaryClass   = "hep-ex",
      reportNumber   = "CERN-PH-EP-2012-141, SLAC-PUB-16022",
      SLACcitation   = "%%CITATION = ARXIV:1206.1760;%%"
}

@article{atlas-5,
      author         = "Aad, Georges and others",
      title          = "Search for Scalar Bottom Quark Pair Production with the
                        {ATLAS} Detector in pp Collisions at {$\sqrt{s} = 7\TeV$}",
      collaboration  = "ATLAS",
      journal        = "Phys. Rev. Lett.",
      volume         = "108",
      year           = "2012",
      pages          = "181802",
      doi            = "10.1103/PhysRevLett.108.181802",
      eprint         = "1112.3832",
      archivePrefix  = "arXiv",
      primaryClass   = "hep-ex",
      reportNumber   = "CERN-PH-EP-2011-195",
      SLACcitation   = "%%CITATION = ARXIV:1112.3832;%%"
}


@article{atlas-6,
      author         = "Aad, Georges and others",
      title          = "{Search for pair-produced third-generation squarks
                        decaying via charm quarks or in compressed supersymmetric
                        scenarios in pp collisions at $\sqrt{s} = 8\TeV$ with the
                        ATLAS detector}",
      collaboration  = "ATLAS",
      journal        = "Phys. Rev. D",
      volume         = "90",
      year           = "2014",
      pages          = "052008",
      doi            = "10.1103/PhysRevD.90.052008",
      eprint         = "1407.0608",
      archivePrefix  = "arXiv",
      primaryClass   = "hep-ex",
      reportNumber   = "CERN-PH-EP-2014-141",
      SLACcitation   = "%%CITATION = ARXIV:1407.0608;%%"
}

@article{atlas-7,
      author         = "Aad, Georges and others",
      title          = "{Search for strong production of supersymmetric particles
                        in final states with missing transverse momentum and at
                        least three b-jets at $\sqrt{s} = 8\TeV$ proton-proton
                        collisions with the ATLAS detector}",
      collaboration  = "ATLAS",
      journal        = "JHEP",
      volume         = "10",
      year           = "2014",
      pages          = "24",
      doi            = "10.1007/JHEP10(2014)024",
      eprint         = "1407.0600",
      archivePrefix  = "arXiv",
      primaryClass   = "hep-ex",
      reportNumber   = "CERN-PH-EP-2014-110",
      SLACcitation   = "%%CITATION = ARXIV:1407.0600;%%"
}

@article{atlas-8,
      author         = "Aad, Georges and others",
      title          = "{Search for squarks and gluinos with the ATLAS detector
                        in final states with jets and missing transverse momentum
                        using $\sqrt{s} = 8\TeV$ proton--proton collision data}",
      collaboration  = "ATLAS",
      journal        = "JHEP",
      volume         = "09",
      year           = "2014",
      pages          = "176",
      doi            = "10.1007/JHEP09(2014)176",
      eprint         = "1405.7875",
      archivePrefix  = "arXiv",
      primaryClass   = "hep-ex",
      reportNumber   = "CERN-PH-EP-2014-093",
      SLACcitation   = "%%CITATION = ARXIV:1405.7875;%%"
}

@article{atlas-9,
      author         = "Aad, Georges and others",
      title          = "{Search for direct third-generation squark pair
                        production in final states with missing transverse
                        momentum and two b-jets in $\sqrt{s} = 8\TeV$ pp
                        collisions with the ATLAS detector}",
      collaboration  = "ATLAS",
      journal        = "JHEP",
      volume         = "10",
      year           = "2013",
      pages          = "189",
      doi            = "10.1007/JHEP10(2013)189",
      eprint         = "1308.2631",
      archivePrefix  = "arXiv",
      primaryClass   = "hep-ex",
      reportNumber   = "CERN-PH-EP-2013-119",
      SLACcitation   = "%%CITATION = ARXIV:1308.2631;%%"
}

@article{atlas-10,
      author         = "Aad, Georges and others",
      title          = "{Search for direct pair production of the top squark in
                        all-hadronic final states in proton-proton collisions at
                        $\sqrt{s} = 8\TeV$ with the ATLAS detector}",
      collaboration  = "ATLAS",
      journal        = "JHEP",
      volume         = "09",
      year           = "2014",
      pages          = "015",
      doi            = "10.1007/JHEP09(2014)015",
      eprint         = "1406.1122",
      archivePrefix  = "arXiv",
      primaryClass   = "hep-ex",
      reportNumber   = "CERN-PH-EP-2014-112",
      SLACcitation   = "%%CITATION = ARXIV:1406.1122;%%"
}

@article{atlas-11,
      author         = "Aad, Georges and others",
      title          = "{Search for new phenomena in final states with large jet
                        multiplicities and missing transverse momentum using
                        $\sqrt{s} = 7\TeV$ pp collisions with the ATLAS detector}",
      collaboration  = "ATLAS",
      journal        = "JHEP",
      volume         = "11",
      year           = "2011",
      pages          = "099",
      doi            = "10.1007/JHEP11(2011)099",
      eprint         = "1110.2299",
      archivePrefix  = "arXiv",
      primaryClass   = "hep-ex",
      reportNumber   = "CERN-PH-EP-2011-155",
      SLACcitation   = "%%CITATION = ARXIV:1110.2299;%%"
}

@article{atlas-12,
      author         = "Aad, G. and others",
      title          = "{Search for new phenomena in final states with large jet multiplicities and missing transverse momentum with ATLAS using $\sqrt{s} = 13\TeV$ proton--proton collisions}",
      collaboration  = "ATLAS",
      journal        = "Phys. Lett. B",
      volume         = "757",
      year           = "2016",
      pages          = "334",
      doi            = "10.1016/j.physletb.2016.04.005",
      eprint         = "1602.06194",
      archivePrefix  = "arXiv",
      primaryClass   = "hep-ex",
      reportNumber   = "CERN-PH-EP-2016-026, CERN-EP-2016-026",
      SLACcitation   = "%%CITATION = ARXIV:1602.06194;%%"
}

@unpublished{atlas-13,
      author         = "Aaboud, Morad and others",
      title          = "{Search for new phenomena in final states with
                  an energetic jet and large missing transverse
                  momentum in $pp$ collisions at $\sqrt{s}=13\TeV$ using
                  the ATLAS detector}",
      collaboration  = "ATLAS",
      year           = {2016},
      eprint         = "1604.07773",
      archivePrefix  = "arXiv",
      primaryClass   = "hep-ex",
      reportNumber   = "CERN-EP-2016-075",
      note           = {Submitted to {Phys. Rev. D}},
      SLACcitation   = "%%CITATION = ARXIV:1604.07773;%%"
}

@article{Alwall:2008ag,
      author         = "Alwall, Johan and Schuster, Philip and Toro, Natalia",
      title          = "Simplified models for a first characterization of new
                        physics at the {LHC}",
      journal        = "Phys. Rev. D",
      volume         = "79",
      year           = "2009",
      pages          = "075020",
      doi            = "10.1103/PhysRevD.79.075020",
      eprint         = "0810.3921",
      archivePrefix  = "arXiv",
      primaryClass   = "hep-ph",
      reportNumber   = "SLAC-PUB-13425, SU-ITP-08-24",
      SLACcitation   = "%%CITATION = ARXIV:0810.3921;%%"
}

@article{Alwall:2008va,
      author         = "Alwall, Johan and Le, My-Phuong and Lisanti, Mariangela
                        and Wacker, Jay G.",
      title          = "Model-independent jets plus missing energy searches",
      journal        = "Phys. Rev. D",
      volume         = "79",
      year           = "2009",
      pages          = "015005",
      doi            = "10.1103/PhysRevD.79.015005",
      eprint         = "0809.3264",
      archivePrefix  = "arXiv",
      primaryClass   = "hep-ph",
      reportNumber   = "SLAC-PUB-13405",
      SLACcitation   = "%%CITATION = ARXIV:0809.3264;%%"
}

@Article{sms,
      author         = "Alves, Daniele",
      editor         = "Arkani-Hamed, Nima and Arora, Sanjay and Bai, Yang and
                        Baumgart, Matthew and Berger, Joshua and Buckley, Matthew
                        and Butler, Bart and Chang, Spencer and Cheng, Hsin-Chia
                        and Cheung, Clifford and others ",
      title          = "Simplified models for {LHC} new physics searches",
      collaboration  = "LHC New Physics Working Group",
      journal        = "J. Phys. G",
      volume         = "39",
      year           = "2012",
      pages          = "105005",
      doi            = "10.1088/0954-3899/39/10/105005",
      eprint         = "1105.2838",
      archivePrefix  = "arXiv",
      primaryClass   = "hep-ph",
      reportNumber   = "SLAC-PUB-15045, FERMILAB-PUB-11-842-A-PPD",
      SLACcitation   = "%%CITATION = ARXIV:1105.2838;%%"
}

@article{ref:atlashiggsdiscovery,
      author         = "Aad, Georges and others",
      title          = "{Observation of a new particle in the search for the
                        Standard Model Higgs boson with the ATLAS detector at the
                        LHC}",
      collaboration  = "ATLAS",
      journal        = "Phys. Lett. B",
      volume         = "716",
      year           = "2012",
      pages          = "1",
      doi            = "10.1016/j.physletb.2012.08.020",
      eprint         = "1207.7214",
      archivePrefix  = "arXiv",
      primaryClass   = "hep-ex",
      reportNumber   = "CERN-PH-EP-2012-218",
      SLACcitation   = "%%CITATION = ARXIV:1207.7214;%%"
}


@article{ref:cmshiggsdiscovery,
      author         = "Chatrchyan, Serguei and others",
      title          = "{Observation of a new boson at a mass of 125 GeV with the
                        CMS experiment at the LHC}",
      collaboration  = "CMS",
      journal        = "Phys. Lett. B",
      volume         = "716",
      year           = "2012",
      pages          = "30",
      doi            = "10.1016/j.physletb.2012.08.021",
      eprint         = "1207.7235",
      archivePrefix  = "arXiv",
      primaryClass   = "hep-ex",
      reportNumber   = "CMS-HIG-12-028, CERN-PH-EP-2012-220",
      SLACcitation   = "%%CITATION = ARXIV:1207.7235;%%"
}

@article{ref:cmshiggsdiscoverylong,
      author         = "Chatrchyan, Serguei and others",
      title          = "{Observation of a new boson with mass near 125 GeV in pp collisions at $\sqrt{s} = 7$~and~8\TeV}",
      collaboration  = "CMS",
      journal        = "JHEP",
      volume         = "06",
      year           = "2013",
      pages          = "081",
      doi            = "10.1007/JHEP06(2013)081",
      eprint         = "1303.4571",
      archivePrefix  = "arXiv",
      primaryClass   = "hep-ex",
      reportNumber   = "CMS-HIG-12-036, CERN-PH-EP-2013-035",
      SLACcitation   = "%%CITATION = ARXIV:1303.4571;%%"
}

@ARTICLE{Chatrchyan:2008zzk,
     author = {Chatrchyan, S. and others},
     collaboration = "CMS",
     TITLE        = "The {CMS} experiment at the {CERN LHC}",
     JOURNAL      = "JINST",
     VOLUME       = "3",
     YEAR         = "2008",
     pages        = "S08004",
    doi          = "10.1088/1748-0221/3/08/S08004"}

@Article{ref:SUSY-1,
     author    = "Gol'fand, Yu. A. and Likhtman, E. P.",
     title     = "Extension of the Algebra of {Poincar\'e} Group Generators and
                  Violation of p Invariance",
     journal   = "JETP Lett.",
     volume    = "13",
     year      = "1971",
     pages     = "323",
     url       = "http://www.jetpletters.ac.ru/ps/1584/article_24309.shtml"
     }
@ARTICLE{ref:SUSY0,
     AUTHOR       = "J. Wess and B. Zumino",
     TITLE        = "Supergauge transformations in four dimensions",
     JOURNAL      = "Nucl. Phys. B",
     VOLUME       = "70",
     YEAR         = "1974",
     pages        = "39",
     doi=	"10.1016/0550-3213(74)90355-1"}
@ARTICLE{ref:SUSY1,
     AUTHOR       = "H. P. Nilles",
     TITLE        = "Supersymmetry, supergravity and particle physics",
     JOURNAL      = "Phys. Reports",
     VOLUME       = "110",
     YEAR         = "1984",
     pages        = "1",
     doi=	"10.1016/0370-1573(84)90008-5"}
@ARTICLE{ref:SUSY2,
     AUTHOR       = "Haber, H. E.  and Kane, G. L.",
     TITLE        = "The search for supersymmetry: Probing physics beyond the standard model",
     JOURNAL      = "Phys. Reports",
     VOLUME       = "117",
     YEAR         = "1987",
     pages        = "75",
     doi				= "10.1016/0370-1573(85)90051-1"}
@Article{ref:SUSY3,
     author    = "Barbieri, Riccardo and Ferrara, S. and Savoy, Carlos A.",
     title     = "Gauge models with spontaneously broken local supersymmetry",
     journal   = "Phys. Lett. B",
     volume    = "119",
     year      = "1982",
     pages     = "343",
     doi       = "10.1016/0370-2693(82)90685-2"
}
@Article{ref:SUSY4,
     author    = "Dawson, Sally and Eichten, E. and Quigg, C.",
     title     = "Search for supersymmetric particles in hadron-hadron collisions",
     journal   = "Phys. Rev. D",
     volume    = "31",
     year      = "1985",
     pages     = "1581",
     doi       = "10.1103/PhysRevD.31.1581"
}
@ARTICLE{ref:hierarchy1,
     AUTHOR       = "Witten, E.",
     TITLE        = "Dynamical breaking of supersymmetry",
     JOURNAL      = "Nucl. Phys. B",
     VOLUME       = "188",
     YEAR         = "1981",
     pages        = "513",
     doi				= "10.1016/0550-3213(81)90006-7"
 }
@ARTICLE{ref:hierarchy2,
     AUTHOR       = "S. Dimopoulos and H. Georgi",
     TITLE        = "Softly broken supersymmetry and {SU(5)}",
     JOURNAL      = "Nucl. Phys. B",
     VOLUME       = "193",
     YEAR         = "1981",
     pages        = "150",
     doi				= "10.1016/0550-3213(81)90522-8"
}
@ARTICLE{ref:SUSY-LSP-DM,
     AUTHOR       = "Jungman, G. and Kamionkowski, M.",
     TITLE        = "Supersymmetric dark Matter",
     JOURNAL      = "Phys. Report",
     VOLUME       = "267",
     YEAR         = "1996",
     pages        = "195",
     doi       = "10.1016/0370-1573(95)00058-5"
}

@Article{ref:MSUGRA,
  title = {Locally Supersymmetric Grand Unification},
  author = {Chamseddine, A. H. and Arnowitt, R. and Nath, P},
  journal = {Phys. Rev. Lett.},
  volume = {49},
  pages = {970},
  numpages = {4},
  year = {1982},
  doi = {10.1103/PhysRevLett.49.970},
  publisher = {American Physical Society}
}

@Article{PhysRevLett.69.725,
  title = {Supersymmetric mass spectrum in SU(5) supergravity grand unification},
  author = {Arnowitt, R. and Nath, P},
  journal = {Phys. Rev. Lett.},
  volume = {69},
  pages = {725},
  numpages = {3},
  year = {1992},
  doi = {10.1103/PhysRevLett.69.725},
  publisher = {American Physical Society}
}

@Article{ref:CMSSM,
     author    = "Kane, Gordon L. and others",
     title     = "Study of constrained minimal supersymmetry",
     journal   = "Phys. Rev. D",
     volume    = "49",
     year      = "1994",
     pages     = "6173",
     doi       = "10.1103/PhysRevD.49.6173"
}

@article{Farrar:1978xj,
      author         = "Farrar, Glennys R. and Fayet, Pierre",
      title          = "Phenomenology of the production, decay, and detection of
                        new hadronic states associated with supersymmetry",
      journal        = "Phys. Lett. B",
      volume         = "76",
      year           = "1978",
      pages          = "575",
      doi            = "10.1016/0370-2693(78)90858-4",
      reportNumber   = "CALT-68-648",
      SLACcitation   = "%%CITATION = PHLTA,B76,575;%%"
}

@article{CDFLimits,
      author         = "Aaltonen, T. and others",
      title          = "Inclusive Search for Squark and Gluino Production in $p{\bar p}$ Collisions at $\sqrt{s} = 1.96\TeV$",
      collaboration  = "CDF",
      journal        = "Phys. Rev. Lett.",
      volume         = "102",
      pages          = "121801",
      doi            = "10.1103/PhysRevLett.102.121801",
      year           = "2009",
}
@Article{CDFtrileptons,
 title = {Search for Supersymmetry in $p\bar{p}$ Collisions at $\sqrt{s} = 1.96\TeV$ using the Trilepton Signature for Chargino-Neutralino Production},
  collaboration = {CDF},
  author = "Aaltonen, T. and others",
  journal = {Phys. Rev. Lett.},
  volume = {101},
  pages = {251801},
  year = {2008},
  doi = {10.1103/PhysRevLett.101.251801}
}
@Article{D0Limits,
	author="Abazov, V. M. and others",
	collaboration="D0",
	title = "Search for squarks and gluinos in events with jets
                  and missing transverse energy using
                  2.1~$\mathrm{fb}^{-1}$ of p$\mathrm{\bar{p}}$
                  collision data at $\sqrt{s} = 1.96\TeV$",
	journal="Phys. Lett. B",
	volume="660",
	pages="449",
	year="2008",
	doi="10.1016/j.physletb.2008.01.042"
}
@article{Abazov200934,
    author = "Abazov, V. M. and others",
	title = "Search for associated production of charginos and neutralinos in the trilepton final state using 2.3~fb$^{-1}$ of data",
	collaboration= "D0",
	journal = "Phys. Lett. B",
	volume = "680",
	pages = "34",
	year = "2009",
	doi = "10.1016/j.physletb.2009.08.011"
}
@Article{UA1Limits,
     author    = "Albajar, C. and others",
     collaboration = "UA1",
     title     = "Events with Large Missing Transverse Energy at the {CERN}
                  Collider. 3. {M}ass Limits on Supersymmetric Particles",
     journal   = "Phys. Lett. B",
     volume    = "198",
     year      = "1987",
     pages     = "261",
     doi       = "10.1016/0370-2693(87)91509-7"
}
@Article{UA2Limits,
     author    = "Ansari, R. and others",
     collaboration = "UA2",
     title     = "Search for Exotic Processes at the {CERN} p$\bar{\rm p}$ Collider",
     journal   = "Phys. Lett. B",
     volume    = "195",
     year      = "1987",
     pages     = "613",
     doi       = "10.1016/0370-2693(87)91583-8"
}
@Article{HERALimits1,
     author    = "Chekanov, S. and others",
     collaboration = "ZEUS",
     title     = "Search for stop production in {R}-parity-violating supersymmetry at {HERA}",
     journal   = "Eur. Phys. J. C",
     volume    = "50",
     year      = "2007",
     pages     = "269",
     doi       = "10.1140/epjc/s10052-007-0240-8"
}
@Article{HERALimits2,
     author    = "Aid, S. and others",
     collaboration = "H1",
     title     = "A search for selectrons and squarks at {HERA}",
     journal   = "Phys. Lett. B",
     volume    = "380",
     year      = "1996",
     pages     = "461",
     doi       = "10.1016/0370-2693(96)00640-5"
}
@UNPUBLISHED{LEPLimits,
	author="LEPSUSYWG",
	collaboration= "ALEPH, DELPHI, L3 and OPAL",
        title="Joint {SUSY} Working Group",
	note="{LEPSUSYWG/02-06-2}",
        year="2002",
	url="http://lepsusy.web.cern.ch/lepsusy"
}	

@misc{patlayer1twiki,
 note = "\mbox{https://twiki.cern.ch/twiki/bin/view/CMS/SusyPatLayer1DefV9}"
}

@misc{globaltagstwiki,
 note = "\mbox{https://twiki.cern.ch/twiki/bin/view/CMS/SWGuideFrontierConditions}"
}

@misc{jetenergytwiki,
 note = "\mbox{https://twiki.cern.ch/twiki/bin/view/CMS/WorkBook210JetAnalysis\#Jec900GeV}"
}

@misc{meticheptwiki,
 note = "\mbox{https://twiki.cern.ch/twiki/bin/viewauth/CMS/METichepPAS2}"
}

@misc{DijetAN,
 note = "Jet Commissioning using Di-Jet Events from 900 GeV and 2360 GeV Collision Data, CMS AN-2010/009"
}

@misc{PFJetID,
 note = "\mbox{Particle Flow Jet Identification Criteria, CMS AN-2010/003}"
}

@misc{CaloJetID,
 note = "\mbox{Calorimeter Jet Quality Criteria for the First CMS Collision Data,} \mbox{and preparations for calibrating their efficiencies, CMS AN-2009/087}"
}

@ARTICLE{antikt,
      author         = "Cacciari, Matteo and Salam, Gavin P. and Soyez, Gregory",
      title          = "{The anti-$k_t$ jet clustering algorithm}",
      journal        = "JHEP",
      volume         = "04",
      year           = "2008",
      pages          = "063",
      doi            = "10.1088/1126-6708/2008/04/063",
      eprint         = "0802.1189",
      archivePrefix  = "arXiv",
      primaryClass   = "hep-ph",
      reportNumber   = "LPTHE-07-03",
      SLACcitation   = "%%CITATION = ARXIV:0802.1189;%%"
}

@article{Randall:2008rw,
      author         = "Randall, Lisa and Tucker-Smith, David",
      title          = "Dijet Searches for Supersymmetry at the {Large Hadron Collider}",
      journal        = "Phys. Rev. Lett.",
      volume         = "101",
      year           = "2008",
      pages          = "221803",
      doi            = "10.1103/PhysRevLett.101.221803",
      eprint         = "0806.1049",
      archivePrefix  = "arXiv",
      primaryClass   = "hep-ph",
      SLACcitation   = "%%CITATION = ARXIV:0806.1049;%%"
}

@Article{Melnikov:2006kv,
     author    = "Melnikov, Kirill and Petriello, Frank",
     title     = "{Electroweak gauge boson production at hadron colliders
                  through O(alpha(s)**2)}",
     journal   = "Phys. Rev. D",
     volume    = "74",
     year      = "2006",
     pages     = "114017",
     eprint    = "hep-ph/0609070",
     archivePrefix = "arXiv",
     doi       = "10.1103/PhysRevD.74.114017",
     SLACcitation  = "%%CITATION = HEP-PH/0609070;%%"
}

@misc{pas-ewk-10-004,
 note="CMS Physics Analysis Summary, CMS PAS EWK-10-004"
}


@misc{cms-pas-jme-10-010,
 note="CMS Physics Analysis Summary, CMS PAS JME-10-010"
}

@misc{cms-pas-TOP-10-001,
 note="CMS Physics Analysis Summary, CMS PAS TOP-10-001"
}

@misc{top-xs,
 note="CMS Physics Analysis Summary, CMS PAS TOP-11-002"
}

@misc{w-xs,
 note="CMS Physics Analysis Summary, CMS PAS EWK-10-002"
}

@Techreport{cms-pas-sus-09001,
COLLABORATION = "CMS",
AUTHOR = "{CMS Collaboration}",
TITLE        = "Search strategy for exclusive multi-jet events from supersymmetry at CMS",
TYPE         = "CMS Physics Analysis Summary",
NUMBER       = "SUS-09-001",
URL         = "http://cdsweb.cern.ch/record/1194509",
YEAR         = "2009"
}

@Techreport{cms-pas-sus-08005,
COLLABORATION = "CMS",
AUTHOR = "{CMS Collaboration}",
TITLE        = "SUSY searches with dijet events",
TYPE      = "CMS Physics Analysis Summary",
NUMBER       = "SUS-08-005",
URL         = "http://cdsweb.cern.ch/record/1149915",
YEAR         = "2008"
}

@misc{HIG-08-001,
 note="CMS Physics Analysis Summary, CMS PAS HIG-08-001"
}

@misc{cms-an-080114,
 note="CMS Analysis Note, CMS-AN 2008/114"
}

@misc{cms-an-10-242,
 note="CMS Analysis Note, CMS-AN 2010/242"
}

@misc{ZWAN,
 note="CMS Analysis Note, CMS AN-2010/264"
}

@misc{WPOL,
 note="CMS Analysis Note, CMS-AN 2010/309"
}

@misc{cms-pas-sus-08002,
 note="CMS Physics Analysis Summary, CMS PAS SUS-08-002"
}

@misc{cms-pas-jme_10003,
 note="CMS Physics Analysis Summary, CMS PAS JME-10-003"
}

@misc{cms-an-080071,
 note="CMS Analysis Note, CMS-AN 2008/071"
}

@misc{cms-an-090056,
 note="CMS Analysis Note, CMS-AN 2009/056"
}

@misc{cms-an-090040,
 note="CMS Analysis Note, CMS-AN 2009/040"
}

@misc{cms-pas-ewk-07002,
 note="CMS Physics Analysis Summary, CMS PAS EWK-07-002"
}
@misc{summer10,
 note = "See: https://twiki.cern.ch/twiki/bin/viewauth/CMS/ProductionReProcessingSummer10"
 }
@misc{patl1,
 note = "See: https://twiki.cern.ch/twiki/bin/view/CMS/SusyPatLayer1DefV9"
}
@misc{icfcode,
 note = "See: https://svn.cern.ch/reps/icfsusy/trunk/AnalysisV2/"
}
@misc{bib:isolep,
 note="See: https://twiki.cern.ch/twiki/bin/view/CMS/VplusJets"
}
@misc{bib:ecalstatus,
 note="See: https://twiki.cern.ch/twiki/bin/view/CMS/EcalChannelStatus"
}

@Article{madgraph,
     author    = "Alwall, Johan and others",
     title     = "{MadGraph/MadEvent v4: The New Web Generation}",
     journal   = "JHEP",
     volume    = "09",
     year      = "2007",
     pages     = "028",
     eprint    = "0706.2334",
     archivePrefix = "arXiv",
     primaryClass  =  "hep-ph",
     SLACcitation  = "%%CITATION = 0706.2334;%%"
}

@Article{madgraph5,
      author         = "Alwall, Johan and Herquet, Michel and Maltoni, Fabio and
                        Mattelaer, Olivier and Stelzer, Tim",
      title          = "{MadGraph 5: going beyond}",
      journal        = "JHEP",
      volume         = "06",
      year           = "2011",
      pages          = "128",
      doi            = "10.1007/JHEP06(2011)128",
      eprint         = "1106.0522",
      archivePrefix  = "arXiv",
      primaryClass   = "hep-ph",
      reportNumber   = "FERMILAB-PUB-11-448-T",
      SLACcitation   = "%%CITATION = ARXIV:1106.0522;%%",
}

@misc{susyanalysis,
 note="See: https://twiki.cern.ch/twiki/bin/view/CMS/SusyPat"
}
@misc{pat,
 note="See: https://twiki.cern.ch/twiki/bin/view/CMS/SWGuidePAT"
}
@misc{patcc,
 note="See: https://twiki.cern.ch/twiki/bin/view/CMS/SusyPatCrossCleaner"
}
@misc{biasedDPhi,
 note="CMS Analysis Note, CMS-AN 2009/040"
}
@misc{dPhiMPT,
 note ="See talk by Mariarosaria d'Alfonso: http://indico.cern.ch/getFile.py/access?contribId=7&resId=2&materialId=slides&confId=54337"
}
@ARTICLE{hcalnoise,
     COLLABORATION = "CMS",
     TITLE        = "HCAL performance from first collisions data",
     JOURNAL      = "CMS Detector Performance Summary",
     VOLUME       = "DPS-2010/025",
     YEAR         = "2010"}
@Article{ProfileLikelihood,
	author="Severini",
     	title="Likelihood methods in statistics",
	journal="Oxford University Press",
	year="2000"
}
@Article{MINOS,
	author = "Frederic James",
	title="{MINUIT Reference Manual}",
	journal="{CERN Program Library Writeup}",
	volume="D506"
}
@Article{ROOSTATS,
	author="Moneta, Belasco, Cranmer and others",
	journal="Proceedings of Science",
	title="The RooStats Project",
	year="2010"
}
@ARTICLE{ecalnoise,
     COLLABORATION = "CMS",
     AUTHOR = "{CMS Collaboration}",
     TITLE        = "Electromagnetic calorimeter commissioning and first results with 7 TeV data",
     JOURNAL      = "CMS Note",
     VOLUME       = "2010/012",
     YEAR         = "2010"}
@ARTICLE{ewk_wz_xsec,
		 COLLABORATION = "CMS",
		 TITLE        = "Measurements of inclusive W and Z cross Sections in pp collisions at 7 TeV",
		 JOURNAL      = "CMS Note",
		 VOLUME       = "2010/116",
		 YEAR         = "2010"}
@ARTICLE{muon_reco,
	   COLLABORATION = "CMS",
		 TITLE        = "Muon reconstruction in the CMS detector",
		 JOURNAL      = "CMS Note",
		 VOLUME       = "2008/097",
		 YEAR         = "2008"}
@ARTICLE{muon_id,
	   COLLABORATION = "CMS",
		 TITLE        = "Muon identification in CMS",
		 JOURNAL      = "CMS Note",
		 VOLUME       = "2008/098",
		 YEAR         = "2008"}
@misc{photon_id,
 note="See: https://twiki.cern.ch/twiki/bin/view/CMS/PhotonID"
}
@Article{PTDRII,
          collaboration = "CMS",
          title  = "{CMS Physics Technical Design Report, Volume II: Physics Performance}",
          journal   = "J. Phys. G: Nucl. Part. Phys.",
          volume    = "34",
          year      = "2007",
          pages     = "995"
}
@misc{SUS-10-001,
 note="CMS Physics Analysis Summary, CMS PAS SUS-10-001"
}
@misc{cousins,
note="See: \nolinkurl{http://cousins.web.cern.ch/cousins/drafts/rhorho_cousins.pdf}"
}
@misc{dixon,
 note = "\mbox{L. Dixon, private communication}"
}

@ARTICLE{JME-09-008,
     COLLABORATION = "CMS",
     TITLE        = "Calorimeter Jet Quality Criteria for the First CMS Collision Data",
     JOURNAL      = "CMS Physics Analysis Summary",
     VOLUME       = "JME-09-008",
      URL         = "http://cdsweb.cern.ch/record/1259924",
     YEAR         = "2009"
}

@Techreport{CMS-NOTE-2010-012,
     AUTHOR = "{CMS Collaboration}",
		 COLLABORATION = "CMS",
		 TITLE        = "Electromagnetic calorimeter
                  commissioning and first results with 7 TeV data",
		 TYPE      = "CMS Note",
		 NUMBER       = "CMS-NOTE-2010-012",
      URL         = "http://cdsweb.cern.ch/record/1278160",
		 YEAR         = "2010"
}		

@Techreport{PAS-EGM-10-004,
     AUTHOR = "{CMS Collaboration}",
		 COLLABORATION = "CMS",
		 TITLE        = "Electron reconstruction and identification at $\sqrt{s} = 7\TeV$",
		 TYPE      = "CMS Physics Analysis Summary",
		 NUMBER       = "EGM-10-004",
      URL         = "http://cdsweb.cern.ch/record/1299116",
		 YEAR         = "2010"
}		
@Techreport{PAS-EGM-10-005,
		 COLLABORATION = "CMS",
		 TITLE        = "Photon reconstruction and identification at $\sqrt{s} = 7\TeV$",
		 Type      = "CMS Physics Analysis Summary",
		 Number       = "EGM-10-005",
      URL         = "http://cdsweb.cern.ch/record/1279143",
		 YEAR         = "2010"
}		
@Techreport{PAS-EGM-10-006,
     AUTHOR = "{CMS Collaboration}",
		 COLLABORATION = "CMS",
		 TITLE        = "Isolated Photon Reconstruction and Identification at $\sqrt{s} = 7\TeV$",
		 Type      = "CMS Physics Analysis Summary",
		 Number       = "EGM-10-006",
      URL         = "http://cdsweb.cern.ch/record/1324545",
		 YEAR         = "2010"
}		
@article{Khachatryan:2015hwa,
      author         = "Khachatryan, Vardan and others",
      title          = "Performance of electron reconstruction and selection
                        with the {CMS} detector in proton-proton collisions at
                        {$\sqrt{s} = 8\TeV$}",
      collaboration  = "CMS",
      journal        = "JINST",
      volume         = "10",
      year           = "2015",
      pages          = "P06005",
      doi            = "10.1088/1748-0221/10/06/P06005",
      eprint         = "1502.02701",
      archivePrefix  = "arXiv",
      primaryClass   = "physics.ins-det",
      reportNumber   = "CMS-EGM-13-001, CERN-PH-EP-2015-004",
      SLACcitation   = "%%CITATION = ARXIV:1502.02701;%%"
}
@article{Khachatryan:2015iwa,
      author         = "Khachatryan, Vardan and others",
      title          = "Performance of photon reconstruction and identification
                        with the {CMS} detector in proton-proton collisions at
                        {$\sqrt{s} = 8\TeV$}",
      collaboration  = "CMS",
      journal        = "JINST",
      volume         = "10",
      year           = "2015",
      pages          = "P08010",
      doi            = "10.1088/1748-0221/10/08/P08010",
      eprint         = "1502.02702",
      archivePrefix  = "arXiv",
      primaryClass   = "physics.ins-det",
      reportNumber   = "CMS-EGM-14-001, CERN-PH-EP-2015-006",
      SLACcitation   = "%%CITATION = ARXIV:1502.02702;%%"
}


@Techreport{PAS-MUO-10-002,
     AUTHOR = "{CMS Collaboration}",
		 COLLABORATION = "CMS",
		 TITLE        = "Performance of muon identification in pp collisions at $\sqrt{s} = 7\TeV$",
		 Type      = "CMS Physics Analysis Summary",
		 Number       = "MUO-10-002",
      URL         = "http://cdsweb.cern.ch/record/1279140",
		 YEAR         = "2010"
}
@misc{SMSnote,
 note = "\mbox{https://twiki.cern.ch/twiki/pub/CMS/SUSY/referenceTopologiesDec13.pdf}"
}
@misc{SMSAN,
 note = "Search Optimization and Limit Setting using Simplified Model Spectra for the RA2 Inclusive Hadronic SUSY Search, CMS AN-2010/404"
}
@Unpublished{RA2,
     AUTHOR = "{CMS Collaboration}",
 collaboration = "CMS",
     title     = "{Search for New Physics with Jets and Missing Transverse
                  Momentum in pp Collisions at $\sqrt{s} = 7\TeV$}",
     year      = "2011",
     eprint    = "1106.4503",
     archivePrefix = "arXiv",
     primaryClass  =  "hep-ex",
     note="Accepted by JHEP",
     SLACcitation  = "%%CITATION = 1106.4503;%%"
}
@Unpublished{Razor,
     AUTHOR = "{CMS Collaboration}",
 collaboration = "CMS",
     title     = "Inclusive search for squarks and gluinos in pp collisions
                  at $\sqrt{s} = 7\TeV$",
     year      = "2011",
     note      = "Submitted to Phys. Rev. D",
     eprint    = "1107.1279",
     archivePrefix = "arXiv",
     primaryClass  =  "hep-ex",
     SLACcitation  = "%%CITATION = 1107.1279;%%"
}
@Article{Allanach:2001kg,
     author    = "Allanach, B. C.",
     title     = "{SOFTSUSY: a program for calculating supersymmetric spectra}",
     journal   = "Comput. Phys. Commun.",
     volume    = "143",
     year      = "2002",
     pages     = "305",
     doi       = "10.1016/S0010-4655(01)00460-X"
}
@Article{pythia,
      author         = "Sj{\"o}strand, Torbjorn and Mrenna, Stephen and Skands, Peter
                        Z.",
      title          = "{PYTHIA} 6.4 physics and manual",
      journal        = "JHEP",
      volume         = "05",
      year           = "2006",
      pages          = "026",
      doi            = "10.1088/1126-6708/2006/05/026",
      eprint         = "hep-ph/0603175",
      archivePrefix  = "arXiv",
      primaryClass   = "hep-ph",
      reportNumber   = "FERMILAB-PUB-06-052-CD-T, LU-TP-06-13",
      SLACcitation   = "%%CITATION = HEP-PH/0603175;%%"
}

@Article{pythia8,
     author    = {Sj{\"o}strand, Torbjorn and Mrenna, Stephen and Skands, Peter Z.},
     title     = "{A Brief Introduction to PYTHIA 8.1}",
     journal   = "Comput. Phys. Commun.",
     volume    = "178",
     year      = "2008",
     pages     = "852",
     doi       = "10.1016/j.cpc.2008.01.036"
}

@Article{cls-pdg,
     author        = "Nakamura, K.",
     collaboration = "Particle Data Group",
     title         = "{Review of particle physics}",
     journal       = "J. Phys. G",
     volume        = "37",
     year          = "2010",
     pages         = "075021",
     doi           = "10.1088/0954-3899/37/7A/075021",
     SLACcitation  = "%%CITATION = JPHGB,G37,075021;%%"
}
@Techreport{ref:lumi,
      COLLABORATION = {CMS},
      AUTHOR = "{CMS Collaboration}",
      TITLE         = "Measurement of {CMS} Luminosity",
      TYPE     = "CMS Physics Analysis Summary",
      NUMBER        = "EWK-10-004",
      YEAR          = "2010",
      url = "http://cdsweb.cern.ch/record/1279145",
}

@Techreport{PAS-JME-10-010,
		 COLLABORATION = "CMS",
     AUTHOR = "{CMS Collaboration}",
		 TITLE        = "Jet Energy Corrections Determination at 7 TeV",
		 TYPE      = "CMS Physics Analysis Summary",
		 NUMBER       = "JME-10-010",
      URL         = "http://cdsweb.cern.ch/record/1308178",
		 YEAR         = "2010"
}

@Article{toppaper,
     author    = "Khachatryan, V. and others",
 collaboration = "CMS",
     title     = "First Measurement of the Cross Section for Top-Quark Pair
                  Production in Proton-Proton Collisions at $\sqrt{s} = 7\TeV$",
     journal   = "Phys. Lett. B",
     volume    = "695",
     year      = "2011",
     pages     = "424",
     doi       = "10.1016/j.physletb.2010.11.058",
}
@Techreport{PAS-SUS-08-002,
     Collaboration = "CMS",
     AUTHOR = "{CMS Collaboration}",
     Title = "Data-Driven Estimation of the Invisible {Z} Background to the {SUSY MET} Plus Jets Search",
     Type = "CMS Physics Analysis Summary",
     Number = "SUS-08-002",
      URL         = "http://cdsweb.cern.ch/record/1194471",
     Year = "2008"
}

@Article{PhysRevLett.106.211802,
  title = {Search for Supersymmetry in pp Collisions at $\sqrt{s} = 7\TeV$ in
                  Events with Two Photons and Missing Transverse
                  Energy},
  collaboration = {CMS},
  author = {Chatrchyan, S. and others},
  journal = {Phys. Rev. Lett.},
  volume = {106},
  pages = {211802},
  numpages = {15},
  year = {2011},
  doi = {10.1103/PhysRevLett.106.211802},
  publisher = {American Physical Society}
}

@article {springerlink:10.1007/JHEP07(2011)113,
   author = {Khachatryan, V. and others},
   affiliation = {Yerevan Physics Institute, Yerevan, Armenia},
   Collaboration={CMS},
   title = {Search for supersymmetry in events with b jets and missing transverse momentum at the LHC},
   journal = {JHEP},
   publisher = {Springer Berlin / Heidelberg},
   issn = {},
   keyword = {Physics},
   pages = {113},
   volume = {07},
   issue = {7},
   url = {http://dx.doi.org/10.1007/JHEP07(2011)113},
   doi = {10.1007/JHEP07(2011)113},
   year = {2011}
}


@Article{PhysRevLett.106.131802,
  title = {Search for Supersymmetry using Final States with One Lepton, Jets, and Missing Transverse Momentum with the ATLAS Detector in $\sqrt{s} = 7\TeV$ pp Collisions},
  collaboration = {ATLAS},
  author = {Aad, G.  and others},
  journal = {Phys. Rev. Lett.},
  volume = {106},
  pages = {131802},
  numpages = {19},
  year = {2011},
  doi = {10.1103/PhysRevLett.106.131802},
  publisher = {American Physical Society}
}

@article{Aad2011186,
title = "Search for squarks and gluinos using final states with jets and missing transverse momentum with the ATLAS detector in  proton-proton collisions",
journal = "Phys. Lett. B",
volume = "701",
pages = "186",
year = "2011",
note = "",
issn = "0370-2693",
doi = "10.1016/j.physletb.2011.05.061",
url = "http://www.sciencedirect.com/science/article/pii/S0370269311005922",
collaboration = {ATLAS},
author = "Aad, G. and others",
keywords = "Supersymmetry",
keywords = "Squark",
keywords = "Gluino",
keywords = "Search",
keywords = "LHC",
keywords = "ATLAS"
}

@article{Aad2011398,
title = "Search for supersymmetry in pp collisions at  in final states with missing transverse momentum and b-jets",
journal = "Phys. Lett.",
volume = "B701",
pages = "398",
year = "2011",
note = "",
issn = "0370-2693",
doi = "10.1016/j.physletb.2011.06.015",
url = "http://www.sciencedirect.com/science/article/pii/S0370269311006368",
collaboration = {ATLAS},
author = "Aad, G. and others",
keywords = "Supersymmetry",
keywords = "ATLAS",
keywords = "LHC",
keywords = "Sbottom",
keywords = "Stop",
keywords = "Gluino"
}

@article {springerlink:10.1140/epjc/s10052-011-1682-6,
   author = {Aad, G. and others},
   affiliation = {CERN, 1211 Geneva 23, Switzerland},
   collaboration = {ATLAS},
   title = {Search for supersymmetric particles in events with lepton
                  pairs and large missing transverse momentum in
                  $\sqrt{s} = 7\TeV$ proton-proton collisions
                  with the ATLAS experiment},
   journal = {Eur. Phys. J. C},
   publisher = {Springer Berlin / Heidelberg},
   issn = {1434-6044},
   keyword = {Physics and Astronomy},
   pages = {1},
   volume = {71},
   issue = {7},
   url = {http://dx.doi.org/10.1140/epjc/s10052-011-1682-6},
   doi = {10.1140/epjc/s10052-011-1682-6},
   year = {2011}
}
@Article{Ask:2011xf,
     author    = "Ask, S. and others",
     title     = "{Using $\gamma$ + jets Production to Calibrate the
                  Standard Model Z($\rightarrow\nu\bar{\nu}$) + jets
                  Background to New Physics Processes at the LHC}",
     year      = "2011",
     eprint    = "1107.2803",
     archivePrefix = "arXiv",
     primaryClass  =  "hep-ph",
     SLACcitation  = "%%CITATION = 1107.2803;%%"
}

@article{1748-0221-5-03-T03014,
  author = {Chatrchyan, S. and others},
  collaboration={CMS},
  title={Identification and filtering of uncharacteristic noise in the CMS hadron calorimeter},
  journal={JINST},
  volume={5},
  pages={T03014},
  doi={10.1088/1748-0221/5/03/T03014},
  year={2010},
}
@article{Chatrchyan:2009hy,
      author         = "Chatrchyan, S and others",
      title          = "identification and filtering of uncharacteristic noise
                        in the {CMS} hadron calorimeter",
      collaboration  = "CMS",
      journal        = "JINST",
      volume         = "5",
      year           = "2010",
      pages          = "T03014",
      doi            = "10.1088/1748-0221/5/03/T03014",
      eprint         = "0911.4881",
      archivePrefix  = "arXiv",
      primaryClass   = "physics.ins-det",
      reportNumber   = "CMS-CFT-09-019",
      SLACcitation   = "%%CITATION = ARXIV:0911.4881;%%"
}

@article{Bern:2011pa,
      author         = "Bern, Z. and Diana, G. and Dixon, L. J. and Febres
                        Cordero, F. and Hoche, S. and Ita, H. and Kosower, D. A.
                        and Maitre, D. and Ozeren, K. J.",
      title          = "Driving missing data at next-to-leading order",
      journal        = "Phys. Rev. D",
      volume         = "84",
      year           = "2011",
      pages          = "114002",
      doi            = "10.1103/PhysRevD.84.114002",
      eprint         = "1106.1423",
      archivePrefix  = "arXiv",
      primaryClass   = "hep-ph",
      reportNumber   = "SLAC-PUB-14472, UCLA-11-TEP-106, CERN-PH-TH-2011-125,
                        IPHT-T11-146, IPPP-11-29, NSF-KITP-11-093, SB-F-387-11,
                        SLAC--PUB--14472, CERN--PH--TH-2011-125, --IPHT--T11-146,
                        NSF--KITP--11--093",
      SLACcitation   = "%%CITATION = ARXIV:1106.1423;%%"
}


@article{Chatrchyan:2011ds,
      author         = "Chatrchyan, Serguei and others",
      title          = "Determination of jet energy calibration and transverse
                        momentum resolution in {CMS}",
      collaboration  = "CMS",
      journal        = "JINST",
      volume         = "6",
      year           = "2011",
      pages          = "P11002",
      doi            = "10.1088/1748-0221/6/11/P11002",
      eprint         = "1107.4277",
      archivePrefix  = "arXiv",
      primaryClass   = "physics.ins-det",
      reportNumber   = "CERN-PH-EP-2011-102, CMS-JME-10-011",
      SLACcitation   = "%%CITATION = ARXIV:1107.4277;%%"
}

@article {springerlink:10.1140/epjc/s10052-011-1722-2,
   author = {Buchmueller, O. and others},
   title = {Supersymmetry and dark matter in light of LHC 2010 and XENON100 data},
   journal = {Eur. Phys. J.},
   publisher = {Springer Berlin / Heidelberg},
   issn = {1434-6044},
   keyword = {Physics and Astronomy},
   pages = {1},
   volume = {C71},
   url = {http://dx.doi.org/10.1140/epjc/s10052-011-1722-2},
   doi = {10.1140/epjc/s10052-011-1722-2},
   year = {2011}
}


@article{Martin:2007gf,
      author         = "Martin, Stephen P.",
      title          = "{Compressed supersymmetry and natural neutralino dark
                        matter from top squark-mediated annihilation to top
                        quarks}",
      journal        = "Phys. Rev. D",
      volume         = "75",
      pages          = "115005",
      doi            = "10.1103/PhysRevD.75.115005",
      year           = "2007",
      eprint         = "hep-ph/0703097",
      archivePrefix  = "arXiv",
      primaryClass   = "HEP-PH",
      SLACcitation   = "%%CITATION = HEP-PH/0703097;%%",
}

@article{Martin:2007hn,
      author         = "Martin, Stephen P.",
      title          = "{Top squark-mediated annihilation scenario and
                  direct detection of dark matter in compressed
                  supersymmetry}",
      journal        = "Phys. Rev. D",
      volume         = "76",
      pages          = "095005",
      doi            = "10.1103/PhysRevD.76.095005",
      year           = "2007",
      eprint         = "0707.2812",
      archivePrefix  = "arXiv",
      primaryClass   = "hep-ph",
      SLACcitation   = "%%CITATION = ARXIV:0707.2812;%%",
}

@article{Carena:2008mj,
      author         = "Carena, M. and Freitas, A. and Wagner, C. E. M.",
      title          = "Light stop searches at the {LHC} in events with one hard photon or jet and missing energy",
      journal        = "JHEP",
      volume         = "10",
      pages          = "109",
      doi            = "10.1088/1126-6708/2008/10/109",
      year           = "2008",
      eprint         = "0808.2298",
      archivePrefix  = "arXiv",
      primaryClass   = "hep-ph",
      reportNumber   = "ANL-HEP-PR-08-46, EFI-08-22, FERMILAB-PUB-08-269-T",
      SLACcitation   = "%%CITATION = ARXIV:0808.2298;%%",
}

@article{Balazs:2004bu,
      author         = "Balazs, C. and Carena, Marcela S. and Wagner, C. E. M.",
      title          = "Dark matter, light stops and electroweak baryogenesis",
      journal        = "Phys. Rev. D",
      volume         = "70",
      pages          = "015007",
      doi            = "10.1103/PhysRevD.70.015007",
      year           = "2004",
      eprint         = "hep-ph/0403224",
      archivePrefix  = "arXiv",
      primaryClass   = "hep-ph",
      reportNumber   = "ANL-HEP-PR-04-27, EFI-04-08, FERMILAB-PUB-04-034-T",
      SLACcitation   = "%%CITATION = HEP-PH/0403224;%%",
}

@article{Chatrchyan:2012jua,
      author         = "Chatrchyan, Serguei and others",
      title          = "{Identification of b-quark jets with the CMS experiment}",
      collaboration  = "CMS",
      journal        = "JINST",
      volume         = "8",
      year           = "2013",
      pages          = "P04013",
      doi            = "10.1088/1748-0221/8/04/P04013",
      eprint         = "1211.4462",
      archivePrefix  = "arXiv",
      primaryClass   = "hep-ex",
      reportNumber   = "CMS-BTV-12-001, CERN-PH-EP-2012-262",
      SLACcitation   = "%%CITATION = ARXIV:1211.4462;%%"
}
@article{Grober:2015fia,
      author         = "Grober, Ramona and Muhlleitner, Margarete and Popenda,
                        Eva and Wlotzka, Alexander",
      title          = "{Light stop decays into $\text{Wb}\chiz_1$ near the
                        kinematic threshold}",
      journal        = "Phys. Lett. B",
      volume         = "747",
      year           = "2015",
      pages          = "144",
      doi            = "10.1016/j.physletb.2015.05.060",
      eprint         = "1502.05935",
      archivePrefix  = "arXiv",
      primaryClass   = "hep-ph",
      reportNumber   = "KA-TP-03-2015, PSI-PR-15-01, RM3-TH-15-2",
      SLACcitation   = "%%CITATION = ARXIV:1502.05935;%%"
}
@article{Grober:2014aha,
      author         = "Grober, R. and Muhlleitner, Margarete M. and Popenda,
                        E. and Wlotzka, A.",
      title          = "Light stop decays: implications for {LHC} searches",
      journal        = "Eur. Phys. J. C",
      volume         = "75",
      year           = "2015",
      pages          = "420",
      doi            = "10.1140/epjc/s10052-015-3626-z",
      eprint         = "1408.4662",
      archivePrefix  = "arXiv",
      primaryClass   = "hep-ph",
      SLACcitation   = "%%CITATION = ARXIV:1408.4662;%%"
}
@article{Boehm:1999tr,
      author         = "Boehm, C. and Djouadi, A. and Mambrini, Y.",
      title          = "{Decays of the lightest top squark}",
      journal        = "Phys. Rev. D",
      volume         = "61",
      year           = "2000",
      pages          = "095006",
      doi            = "10.1103/PhysRevD.61.095006",
      eprint         = "hep-ph/9907428",
      archivePrefix  = "arXiv",
      primaryClass   = "hep-ph",
      reportNumber   = "PM-99-29",
      SLACcitation   = "%%CITATION = HEP-PH/9907428;%%"
}
@article{Boehm:1999bj,
      author         = "Boehm, Celine and Djouadi, Abdelhak and Drees, Manuel",
      title          = "{Light scalar top quarks and supersymmetric dark matter}",
      journal        = "Phys. Rev. D",
      volume         = "62",
      year           = "2000",
      pages          = "035012",
      doi            = "10.1103/PhysRevD.62.035012",
      eprint         = "hep-ph/9911496",
      archivePrefix  = "arXiv",
      primaryClass   = "hep-ph",
      reportNumber   = "PM-99-53, TUM-HEP-363-99",
      SLACcitation   = "%%CITATION = HEP-PH/9911496;%%"
}

@article{TRK-11-001,
      author         = "Chatrchyan, Serguei and others",
      title          = "{Description and performance of track and
                        primary-vertex reconstruction with the CMS
                        tracker}",
      collaboration  = "CMS",
      journal           = "JINST",
      volume          = "9",
      pages           = "P10009",
      doi            = "10.1088/1748-0221/9/10/P10009",
      year           = "2014",
      eprint         = "1405.6569",
      archivePrefix  = "arXiv",
      primaryClass   = "physics.ins-det",
      reportNumber   = "CMS-TRK-11-001, CERN-PH-EP-2014-070",
      SLACcitation   = "%%CITATION = ARXIV:1405.6569;%%",
}

@article{CMS:EGM-14-001,
      author         = "Khachatryan, Vardan and others",
      title          = "{Performance of photon reconstruction and identification
                         with the CMS detector in proton-proton collisions at
                         $\sqrt{s} = 8$\TeV}",
      collaboration  = "CMS",
      journal        = "JINST",
      volume         = "10",
      pages          = "P08010",
      doi            = "10.1088/1748-0221/10/08/P08010",
      year           = "2015",
      eprint         = "1502.02702",
      archivePrefix  = "arXiv",
      primaryClass   = "physics.ins-det",
      reportNumber   = "CMS-EGM-14-001, CERN-PH-EP-2015-006",
      SLACcitation   = "%%CITATION = ARXIV:1502.02702;%%",
}

@article{Chatrchyan:2012xi,
      COLLABORATION = "CMS",
      TITLE       = "Performance of {CMS} muon reconstruction in pp collision events at {$\sqrt{s} = 7$\TeV}",
      AUTHOR      = "Chatrchyan, Serguei and others",
      JOURNAL     = "J. Instrum.",
      VOLUME      = "7",
      PAGES       = "P10002",
      DOI         = "10.1088/1748-0221/7/10/P10002",
      YEAR        = "2012"
}

@Article{fastsim,
author={Abdullin S. and Azzi, P. and Beaudette, P. and Janot. P. and Perrotta, A.},
collaboration="CMS",
title="The fast simulation of the {CMS} detector at {LHC}",
journal="J. Phys. Conf. Ser. ",
year="2011",
volume="331",
pages="032049",
doi="10.1088/1742-6596/331/3/032049",
}

@article{Czakon:2011xx,
      author         = "Czakon, Michal and Mitov, Alexander",
      title          = "{Top++: A Program for the Calculation of the Top-Pair
                        Cross-Section at Hadron Colliders}",
      journal        = "Comput. Phys. Commun.",
      volume         = "185",
      year           = "2014",
      pages          = "2930",
      doi            = "10.1016/j.cpc.2014.06.021",
      eprint         = "1112.5675",
      archivePrefix  = "arXiv",
      primaryClass   = "hep-ph",
      reportNumber   = "CERN-PH-TH-2011-303, TTK-11-58",
      SLACcitation   = "%%CITATION = ARXIV:1112.5675;%%"
}

@techreport{CMS:2012ooa,
      collaboration = "CMS",
      title = "{Data Parking and Data Scouting at the CMS Experiment}",
      type = "{CMS Detector Performance Note}",
      number = "CMS-DP-2012-022, CERN-CMS-DP-2012-022",
      url = "https://cds.cern.ch/record/1480607", 
      year = "2012",

}
