--- COMMENTS may be placed outside the @ENTRYTYPE{ ... } stuctures
--- CMS guidelines
---- Every journal article citation should include the DOI, assuming one exists.
---- All URLs for CMS notes, ANs, etc, should refer to the CDS server, not the CMS server. Use our standard format for them, as shown below.
----  CMS Notes not available on CDS are regarded as private and may not be cited.
----  CMS physics papers (i.e., those intended for publication in journals) may reference only POG PASs, not PAG PASs.
---- For papers by collaborations, list the collaboration in the COLLABOROATION field and put the first author and "and others" in the AUTHOR field.
----  If only the collaboration is listed as the author, put "{XXX Collaboration}" under AUTHOR.
----  Note that we automatically replace the AUTHOR field with the collaboration name for ATLAS, CMS, LHCb, and ATLAS at submission time.
---- Other items:
----   PAGES: Please only list the first page, not the range.
----   ISSUE: Please do not include in most cases.
----   URL: Do not include this field if a DOI is available.
---- Number of authors to list:
----   PRL requests that we include all authors up to fifteen except for large collaborations, and we take this as our internal guide as well. If there
----   are more than fifteen, just list the first author + "and others", as above.
----   The individual journal bib style file (theirs, ours, PLB, etc.) will truncate at the appropriate point. We have ours set to _1_ for more than four.
---- Use only the URL field instead of embedding an href (this is a change in our practice).
---- A reference only published on the arXiv should be listed as UNPUBLISHED (with a note "Submitted to XXX" for large collaboration papers).
----   Experimental papers only on the arXiv and not submitted for publication may not be cited.
---- Some journals will lowercase the title: use {} to protect words which must be capitalized, e.g., {LHC}, {TeV}, {CERN}, {CMS}.
----  Do not escape the entire title as it will then clash with the journal style.
---- Journal names: the journals generally include the series in the journal name, "Physical Review D", vol 5, rather than PR D5

@article{single-lepton-stop,
year={2013},
journal={Eur. Phys. J. C},
pages={2677},
volume={73},
doi={10.1140/epjc/s10052-013-2677-2},
title={Search for top-squark pair production in the single-lepton final state in pp collisions at $\sqrt{s}=8\ \mathrm{TeV}$},
url={http://dx.doi.org/10.1140/epjc/s10052-013-2677-2},
author={Chatrchyan, S. and others},
}

@article{CMS-PAS-BTV-12-001,
     AUTHOR = "Chatrchyan, S. and others",
     collaboration = "CMS",
  title={Identification of b-quark jets with the CMS experiment},
  journal={JINST},
  volume={8},
  pages={P04013},
  year={2013},
doi="10.1088/1748-0221/8/04/P04013"
}

@article{PAS-MUO-10-004,
     AUTHOR = "S. Chatrcyhan and others",
     collaboration = "CMS",
     title     = "Performance of CMS muon reconstruction in pp collision events at $\sqrt{s} = 7\TeV$",
  journal={JINST},
  volume={7},
  pages={P10002},
  doi={10.1088/1748-0221/7/10/P10002},
  year={2012},
}

@Article{ref:barbierinsusy,
     author = {Barbieri, R. and Pappadopulo, D.},
     title = {S-particles at their naturalness limits},
     journal = {JHEP},
  volume={10},
  pages={061},
  url={http://stacks.iop.org/1126-6708/2009/i=10/a=061},
  year={2009},
     doi = {10.1088/1126-6708/2009/10/061},
}

@Techreport{lumi,
     AUTHOR = "{CMS Collaboration}",
     COLLABORATION = "CMS",
     TITLE = "CMS Luminosity Based on Pixel Cluster Counting - Summer 2012 Update",
     TYPE = "CMS Physics Analysis Summary",
     NUMBER = "CMS-PAS-LUM-12-001",
     URL = "http://cdsweb.cern.ch/record/1482193",
     YEAR = "2012",
}		

@Article{Beenakker:1996ch,
     author    = "Beenakker, W. and H{\"o}pker, R. and Spira, M. and Zerwas, P. M.",
     title     = "Squark and gluino production at hadron colliders",
     journal   = "Nucl. Phys. B",
     volume    = "492",
     year      = "1997",
     pages     = "51",
     doi       = "10.1016/S0550-3213(97)00084-9"
}

@article{PhysRevLett.102.111802,
  title = {Threshold Resummation for Squark-Antisquark and Gluino-Pair Production at the LHC},
  author = {Kulesza, A. and Motyka, L.},
  journal = {Phys. Rev. Lett.},
  volume = {102},
  pages = {111802},
  year = {2009},
  doi = {10.1103/PhysRevLett.102.111802},
}

@article{PhysRevD.80.095004,
  title = {Soft gluon resummation for the production of gluino-gluino and squark-antisquark pairs at the LHC},
  author = {Kulesza, A. and Motyka, L.},
  journal = {Phys. Rev. D},
  volume = {80},
  pages = {095004},
  year = {2009},
  doi = {10.1103/PhysRevD.80.095004},
}

@article{1126-6708-2009-12-041,
  author={Beenakker, W. and Brensing, S. and Kr{\"a}mer, M. and Kulesza, A. and Laenen, E. and Niessen, I.},
  title={Soft-gluon resummation for squark and gluino hadroproduction},
  journal={JHEP},
  volume={09},
  pages={041},
  year={2009},
  doi = {10.1088/1126-6708/2009/12/041},
}

@article{doi:10.1142/S0217751X11053560,
author = {Beenakker, W. and Brensing, S. and Kr{\"a}mer. M. and Kulesza, A. and Laenen, E. and Motyka, L. and Niessen, I.},
title = {Squark and gluino hadroproduction},
journal = {Int. J. Mod. Phys. A},
volume = {26},
pages = {2637},
year = {2011},
doi = {10.1142/S0217751X11053560},
}

@article{susynlo,
author={Borschensky, C. and 
Kr{\"a}mer, M. and 
Kulesza, A. and 
Mangano, M. and 
Padhi, S. and 
Plehn, T. and 
Portell, X},
title="Squark and gluino production cross sections in pp collisions at $\sqrt{s} = 13$, 14, 33 and 100\TeV",
journal="Eur. Phys. J. C ",
year="2014",
volume="74",
pages="3174",
doi="10.1140/epjc/s10052-014-3174-y",
archivePrefix="arXiv",
primaryClass="hep-ph",
eprint="1407.5066",
}

@Unpublished{susy-nlo-nll,
     author    = {Michael Kr{\"a}mer and Anna Kulesza and Robin van der Leeuw and Michelangelo Mangano and Sanjay Padhi and Tilman Plehn and Xavier Portell},
     title     = {Supersymmetry production cross sections in pp collisions at $\sqrt{s} = 7$~TeV},
     eprint    = "1206.2892",
     year = "2012",
     archivePrefix = "arXiv",
}

@Article{fastsim,
author={Abdullin S. and Azzi, P. and Beaudette, P. and Janot. P. and Perrotta, A.},
collaboration="CMS",
title="The fast simulation of the CMS detector at LHC",
journal="J. Phys. Conf. Ser. ",
year="2011",
volume="331",
pages="032049",
doi="10.1088/1742-6596/331/3/032049",
}

@article{nnpdf,
title="Parton distributions for the LHC Run II",
collaboration="NNPDF",
journal="JHEP",
year="2015",
volume="04",
pages="040",
archivePrefix="arXiv",
primaryClass="hep-ph",
eprint="1410.8849",
doi="10.1007/JHEP04(2015)040",
}

@article{junk,
title = "Confidence level computation for combining searches with small statistics",
journal = "Nucl. Instr. and Meth. A",
volume = "434",
pages = "435",
year = "1999",
doi = "10.1016/S0168-9002(99)00498-2",
author = "Junk, T",
}

@article{read,
  author={Read, A. L.},
  title={Presentation of search results: the $CL_s$ technique},
  journal={J. Phys. G},
  volume={28},
  pages={2693},
  doi={10.1088/0954-3899/28/10/313},
  year={2002},
}

@article{Cowan:2010js,
      author         = "Glen Cowan and Kyle Cranmer and Eilam Gross and Ofer Vitells",
      title          = "{Asymptotic formulae for likelihood-based tests of new
                        physics}",
      journal        = "Eur. Phys. J. C",
      volume         = "71",
      pages          = "1554",
      doi            = "10.1140/epjc/s10052-011-1554-0",
      year           = "2011",
}

@Article{Pumplin:2002vw,
     author    = "Jonathan Pumplin and Daniel Robert Stump and Joey Huston and Hung-Liang Lai and Pavel Nadolsky and Wu-Ki Tung",
     title     = "{New generation of parton distributions with uncertainties
                  from global QCD analysis}",
     journal   = "JHEP",
     volume    = "07",
     year      = "2002",
     pages     = "012",
     doi={10.1088/1126-6708/2002/07/012},
}

@Article{powheg_older,
     author    = "Frixione, S. and Nason, P. and Oleari, C.",
     title     = "{Matching NLO QCD computations with parton shower
                  simulations: the POWHEG method}",
     journal   = "JHEP",
     volume    = "11",
     year      = "2007",
     pages     = "070",
     doi = "10.1088/1126-6708/2007/11/070"
}

@Article{powheg,
author={Alioli, S. and Nason, P. and Oleari, C. and Re, E.},
title="A general framework for implementing NLO calculations in shower Monte Carlo programs: the POWHEG BOX",
journal="JHEP",
year="2010",
volume="06",
pages="043",
doi="10.1007/JHEP06(2010)043",
archivePrefix="arXiv",
primaryClass="hep-ph",
eprint="1002.2581",
}

@Article{geant,
     author    = "Agostinelli, S. and others",
     title     = "{GEANT4 --- a simulation toolkit}",
     journal   = "Nucl. Instr. and Meth. A",
     volume    = "506",
     year      = "2003",
     pages     = "250",
     doi = "10.1016/S0168-9002(03)01368-8"
}

@TECHREPORT{CMS-PAS-PFT-09-001,
      AUTHOR      = "{CMS Collaboration}",
      COLLABORATION = "CMS",
      TITLE       = "Particle--Flow Event Reconstruction in {CMS} and Performance for Jets, Taus, and {\MET}",
      URL         = "http://cdsweb.cern.ch/record/1194487",
      TYPE        = "CMS Physics Analysis Summary",
      NUMBER      = "CMS-PAS-PFT-09-001",
      YEAR        = "2009"
}

@TECHREPORT{CMS-PAS-PFT-10-001,
      AUTHOR      = "{CMS Collaboration}",
      COLLABORATION = "CMS",
      TITLE       = "Commissioning of the particle-flow event reconstruction with the first {LHC} collisions recorded in the {CMS} detector",
      URL         = "http://cdsweb.cern.ch/record/1247373",
      TYPE        = "CMS Physics Analysis Summary",
      NUMBER      = "CMS-PAS-PFT-10-001",
      YEAR        = "2010"
}

@article{cms-met,
      author         = "Khachatryan, V. and others",
      title          = "{Performance of the CMS missing transverse momentum
                        reconstruction in pp data at $\sqrt{s}$ = 8 TeV}",
      collaboration  = "CMS",
      journal        = "JINST",
      volume         = "10",
      year           = "2015",
      pages          = "P02006",
      doi            = "10.1088/1748-0221/10/02/P02006",
      eprint         = "1411.0511",
      archivePrefix  = "arXiv",
      primaryClass   = "physics.ins-det",
      reportNumber   = "CMS-JME-13-003, CERN-PH-EP-2014-246",
      SLACcitation   = "%%CITATION = ARXIV:1411.0511;%%"
}

@unpublished{RA1Paper2015,
  author         = "{CMS Collaboration}",
  title          = "{Search for new physics in final states with jets
                  and missing transverse momentum in $\sqrt{s} =
                  13$~TeV pp collisions with the $\alpha_T$ variable}",
  year = 2015,
  note           = {\href{https://cds.cern.ch/record/2114880}{CMS-PAS-SUS-15-005}}
}

@unpublished{RA1Parked,
     author    = "Khachatryan, V. and others",
     collaboration = "CMS",
     title     = "{Search for top squark pair production in
                  compressed-{\allowbreak}mass-{\allowbreak}spectrum
                  scenarios in proton-proton collisions at $\sqrt{s} =
                  8\TeV$ using the \alphat variable}",
     archivePrefix="arXiv",
     primaryClass="hep-ph",
     eprint="1605.08993",
     year = "2016",
     SLACcitation  = "%%CITATION = 1605.08993;%%",
     note = {Submitted to {\it Phys. Lett. B}},
}

@article{RA1Paper2012,
     author = "Chatrchyan, S. and others",
     collaboration = "CMS",
     title = "Search for supersymmetry in hadronic final states with
                  missing transverse energy using the variables
                  \alphat and b-quark multiplicity in pp collisions at
                  $\sqrt{s} = 8\TeV$",
year={2013},
journal={EPJC},
volume={01},
pages={077},
doi={10.1007/JHEP01(2013)077},
}

@article{RA1Paper2011FULL,
author = "Chatrchyan, S. and others",
collaboration = "CMS",
title     = "Search for supersymmetery in final states with
                  missing transverse energy and 0, 1, 2, or $\ge$3
                  b-quark jets in 7 TeV pp collisions using the
                  \alphat variable",
year={2013},
journal={JHEP},
volume={01},
pages={077},
doi={10.1007/JHEP01(2013)077},
}

@article{RA1Paper2011,
  collaboration = {CMS},
  author = {Chatrchyan, S. and others},
  volume = {107},
  journal = {Phys. Rev. Lett.},
  title = {Search for Supersymmetry at the LHC in Events with Jets and Missing Transverse Energy},
  year = {2011},
  doi = {10.1103/PhysRevLett.107.221804},
  pages = {221804},
}

@Article{RA1Paper,
     author    = "Khachatryan, V. and others",
 collaboration = "CMS",
     title     = "{Search for Supersymmetry in pp Collisions at 7 TeV in Events with Jets and Missing Transverse Energy}",
     journal   = "Phys. Lett. B",
     volume    = "698",
     year      = "2011",
     pages     = "196",
     doi       = "10.1016/j.physletb.2011.03.021",
     SLACcitation  = "%%CITATION = 1101.1628;%%",
}

@article{cms-1,
  title = {Search for supersymmetry in events with $b$-quark jets and missing transverse energy in $pp$ collisions at 7 TeV},
  author = {Chatrchyan, S. and others},
  collaboration = {CMS},
  journal = {Phys. Rev. D},
  year = {2012},
  volume = {86},
  pages = {072010},
  doi = {10.1103/PhysRevD.86.072010},
}

@article{cms-2,
title={Search for supersymmetry in hadronic final states using $M_{\text{T2}}$ in pp collisions at $\sqrt{s} = 7$~TeV},
collaboration = {CMS},
author={Chatrchyan, S. and others},
journal={JHEP},
year={2012},
volume={10},
pages={018},
doi={10.1007/JHEP10(2012)018},
}

@article{cms-3,
  title = {Search for New Physics in the Multijet and Missing Transverse Momentum Final State in Proton-Proton Collisions at $\sqrt{s} = 7$~TeV},
  author = {Chatrchyan, S. and others},
  collaboration = {CMS},
  journal = {Phys. Rev. Lett.},
  volume = {109},
  pages = {171803},
  numpages = {16},
  year = {2012},
  doi = {10.1103/PhysRevLett.109.171803},
}

@article{cms-4,
  author = {Chatrchyan, S. and others},
title = {Inclusive search for squarks and gluinos in pp collisions at $\sqrt{s} = 7$ TeV},
  collaboration = {CMS},
  journal = {Phys. Rev. D},
  volume = {85},
  pages = {012004},
  year = {2012},
  doi = {10.1103/PhysRevD.85.012004},
}

@article{cms-5,
  author = {Khachatryan, V. and others},
  title = {Search for supersymmetry using razor variables in events with $b$-tagged jets in $pp$ collisions at $\sqrt{s}=8\text{\,}\text{\,}\mathrm{TeV}$},
  collaboration = {CMS},
  journal = {Phys. Rev. D},
  volume = {91},
  issue = {5},
  pages = {052018},
  year = {2015},
  doi = {10.1103/PhysRevD.91.052018},
  url = {http://link.aps.org/doi/10.1103/PhysRevD.91.052018}
}

@article{cms-6,
 author={Chatrchyan, S. and others},
 title={Search for new physics in the multijet and missing transverse momentum final state in proton-proton collisions at $\sqrt{s} = $8 TeV},
 collaboration = {CMS},
 year={2014},
 journal={JHEP},
 volume={06},
 pages={055},
 doi={10.1007/JHEP06(2014)055},
 url={http://dx.doi.org/10.1007/JHEP06%282014%29055},
}

@article{cms-7,
 author = "Chatrchyan, S. and others",
 title = "Search for gluino mediated bottom- and top-squark production in multijet final states in pp collisions at 8 TeV ",
 collaboration = {CMS},
 journal = "Phys. Lett. B",
 volume = "725",
 pages = "243",
 year = "2013",
 doi = "http://dx.doi.org/10.1016/j.physletb.2013.06.058",
 url = "http://www.sciencedirect.com/science/article/pii/S0370269313005339",
}

@article{cms-8,
      author         = "Chatrchyan, Serguei and others",
      title          = "{Search for supersymmetry with razor variables in pp
                        collisions at $\sqrt{s}$=7 TeV}",
      collaboration  = "CMS",
      journal        = "Phys. Rev.",
      volume         = "D90",
      year           = "2014",
      number         = "11",
      pages          = "112001",
      doi            = "10.1103/PhysRevD.90.112001",
      eprint         = "1405.3961",
      archivePrefix  = "arXiv",
      primaryClass   = "hep-ex",
      reportNumber   = "CMS-SUS-12-005, CERN-PH-EP-2014-057",
      SLACcitation   = "%%CITATION = ARXIV:1405.3961;%%"
}

@article{cms-9,
      author         = "Khachatryan, Vardan and others",
      title          = "{Searches for third-generation squark production in fully
                        hadronic final states in proton-proton collisions at $
                        \sqrt{s} = 8$ TeV}",
      collaboration  = "CMS",
      journal        = "JHEP",
      volume         = "06",
      year           = "2015",
      pages          = "116",
      doi            = "10.1007/JHEP06(2015)116",
      eprint         = "1503.08037",
      archivePrefix  = "arXiv",
      primaryClass   = "hep-ex",
      reportNumber   = "CMS-SUS-14-001, CERN-PH-EP-2015-055",
      SLACcitation   = "%%CITATION = ARXIV:1503.08037;%%"
}

@article{cms-10,
      author         = "Khachatryan, Vardan and others",
      title          = "{Searches for supersymmetry using the M$_{T2}$ variable
                        in hadronic events produced in pp collisions at 8 TeV}",
      collaboration  = "CMS",
      journal        = "JHEP",
      volume         = "05",
      year           = "2015",
      pages          = "078",
      doi            = "10.1007/JHEP05(2015)078",
      eprint         = "1502.04358",
      archivePrefix  = "arXiv",
      primaryClass   = "hep-ex",
      reportNumber   = "CMS-SUS-13-019, CERN-PH-EP-2015-017",
      SLACcitation   = "%%CITATION = ARXIV:1502.04358;%%"
}

@article{cms-11,
      author         = "Chatrchyan, Serguei and others",
      title          = "{Inclusive search for supersymmetry using the razor
                        variables in $pp$ collisions at $\sqrt{s}=7$ TeV}",
      collaboration  = "CMS",
      journal        = "Phys. Rev. Lett.",
      volume         = "111",
      year           = "2013",
      number         = "8",
      pages          = "081802",
      doi            = "10.1103/PhysRevLett.111.081802",
      eprint         = "1212.6961",
      archivePrefix  = "arXiv",
      primaryClass   = "hep-ex",
      reportNumber   = "CMS-SUS-11-024, CERN-PH-EP-2012-332",
      SLACcitation   = "%%CITATION = ARXIV:1212.6961;%%"
}

@article{atlas-0,
 AUTHOR = "Aad, G. and others",
 collaboration = "ATLAS",
 year={2013},
 title={Multi-channel search for squarks and gluinos in $\sqrt{s} = 7\TeV$ pp collisions with the ATLAS detector at the LHC},
 journal={Eur. Phys. J. C},
 volume={73},
 pages={2362},
 doi={10.1140/epjc/s10052-013-2362-5},
}

@article{atlas-1,
  title = {Search for a Supersymmetric Partner to the Top Quark in Final States with Jets and Missing Transverse Momentum at $\sqrt{s}=7\TeV$ with the ATLAS Detector},
     AUTHOR = "Aad, G. and others",
     collaboration = "ATLAS",
  journal = {Phys. Rev. Lett.},
  volume = {109},
  pages = {211802},
  year = {2012},
  doi = {10.1103/PhysRevLett.109.211802},
}

@article{atlas-2,
title = "Search for squarks and gluinos using final states with jets
                  and missing transverse momentum with the ATLAS
                  detector in proton-proton collisions",
collaboration = {ATLAS},
author = "Aad, G. and others",
journal = "Phys. Lett. B",
year = "2012",
volume = "710",
pages = "67",
doi = "10.1016/j.physletb.2012.02.051",
}

@article{atlas-3,
     AUTHOR = "Aad, G. and others",
     collaboration = {ATLAS},
title={Search for top and bottom squarks from gluino pair production
                  in final states with missing transverse energy and
                  at least three b-jets with the ATLAS detector},
year={2012},
journal={Eur. Phys. J. C},
volume={72},
pages={2174},
doi={10.1140/epjc/s10052-012-2174-z},
}

@article {atlas-4,
  collaboration = {ATLAS},
  author = "Aad, G. and others",
   title = {Hunt for new phenomena using large jet multiplicities and
                  missing transverse momentum with ATLAS in $4.7$~fb$^{-1}$
                  of $\sqrt{s} = 7~\text{TeV}$ proton-proton collisions},
   journal = {JHEP},
   year = {2012},
   volume = {07},
   pages = {167},
   doi = {10.1007/JHEP07(2012)167},
}

@article{atlas-5,
  title = {Search for Scalar Bottom Quark Pair Production with the
                  ATLAS Detector in $pp$ Collisions at $\sqrt{s}$ = 7
                  TeV},
  author = {Aad, G. and others},
  collaboration = {ATLAS},
  journal = {Phys. Rev. Lett.},
  year = {2012},
  volume = {108},
  pages = {181802},
  numpages = {18},
  doi = {10.1103/PhysRevLett.108.181802},
}

@article{atlas-6,
  author = {Aad, G. and others},
  title = {Search for pair-produced third-generation squarks decaying
                  via charm quarks or in compressed supersymmetric
                  scenarios in $pp$ collisions at
                  $\sqrt{s}=8\text{\,}\text{\,}\mathrm{TeV}$ with the
                  ATLAS detector},
  collaboration = {ATLAS},
  journal = {Phys. Rev. D},
  volume = {90},
  year = {2014},
  pages = {052008},
  doi = {10.1103/PhysRevD.90.052008},
  url = {http://link.aps.org/doi/10.1103/PhysRevD.90.052008}
}

@article{atlas-7,
author={Aad, G. and others},
title={Search for strong production of supersymmetric particles in
                  final states with missing transverse momentum and at
                  least three b-jets at $\sqrt{s} = 8$ TeV
                  proton-proton collisions with the ATLAS detector},
collaboration = {ATLAS},
year={2014},
journal={JHEP},
volume={2014},
number={10},
doi={10.1007/JHEP10(2014)024},
url={http://dx.doi.org/10.1007/JHEP10%282014%29024},
}

@article{atlas-8,
author={Aad, G. and others},
title={Search for squarks and gluinos with the ATLAS detector in final
                  states with jets and missing transverse momentum
                  using $\sqrt{s} = 8$ TeV proton-proton collision
                  data},
year={2014},
collaboration = {ATLAS},
journal={JHEP},
volume={09},
pages={176},
doi={10.1007/JHEP09(2014)176},
url={http://dx.doi.org/10.1007/JHEP09%282014%29176},
keywords={Hadron-Hadron Scattering; Supersymmetry},
}

@article{atlas-9,
author={Aad, G. others},
title={Search for direct third-generation squark pair production in
                  final states with missing transverse momentum and
                  two b-jets in $\sqrt{s}=8$ TeV pp collisions with
                  the ATLAS detector},
year={2013},
collaboration = {ATLAS},
journal={JHEP},
volume={10},
pages={189},
doi={10.1007/JHEP10(2013)189},
url={http://dx.doi.org/10.1007/JHEP10%282013%29189},
}

@article{atlas-10,
      author         = "Aad, Georges and others",
      title          = "{Search for direct pair production of the top squark in
                        all-hadronic final states in proton-proton collisions at
                        $\sqrt{s}=8$ TeV with the ATLAS detector}",
      collaboration  = "ATLAS",
      journal        = "JHEP",
      volume         = "09",
      year           = "2014",
      pages          = "015",
      doi            = "10.1007/JHEP09(2014)015",
      eprint         = "1406.1122",
      archivePrefix  = "arXiv",
      primaryClass   = "hep-ex",
      reportNumber   = "CERN-PH-EP-2014-112",
      SLACcitation   = "%%CITATION = ARXIV:1406.1122;%%"
}

@article{atlas-11,
      author         = "Aad, Georges and others",
      title          = "{Search for new phenomena in final states with large jet
                        multiplicities and missing transverse momentum using
                        $\sqrt{s}=7$ TeV $pp$ collisions with the ATLAS detector}",
      collaboration  = "ATLAS",
      journal        = "JHEP",
      volume         = "11",
      year           = "2011",
      pages          = "099",
      doi            = "10.1007/JHEP11(2011)099",
      eprint         = "1110.2299",
      archivePrefix  = "arXiv",
      primaryClass   = "hep-ex",
      reportNumber   = "CERN-PH-EP-2011-155",
      SLACcitation   = "%%CITATION = ARXIV:1110.2299;%%"
}

@Article{Alwall:2008ag,
    author    = "Alwall, Johan and Schuster, Philip and Toro, Natalia",
    title     = "{Simplified Models for a First Characterization of New
                 Physics at the LHC}",
    journal   = "Phys. Rev. D",
    volume    = "79",
    year      = "2009",
    pages     = "075020",
    doi       = "10.1103/PhysRevD.79.075020",
    SLACcitation  = "%%CITATION = 0810.3921;%%"
}

@article{Alwall:2008va,
      author         = "Johan Alwall and My-Phuong Le and Mariangela Lisanti and Jay G. Wacker ",
      title          = "Model-independent jets plus missing energy searches",
      journal        = "Phys. Rev. D",
      volume         = "79",
      pages          = "015005",
      doi            = "10.1103/PhysRevD.79.015005",
      year           = "2009",
}

@Article{sms,
     author = "Alves, D. and  others",
     title     = "Simplified models for LHC new physics searches",
     journal   = "J. Phys. G",
     volume    = "39",
     year      = "2012",
     pages     = "105005",
     doi       = "10.1088/0954-3899/39/10/105005"
}

@article{ref:atlashiggsdiscovery,
title = "Observation of a new particle in the search for the Standard Model Higgs boson with the ATLAS detector at the LHC",
journal = "Phys. Lett. B",
volume = "716",
pages = "1",
year = "2012",
issn = "0370-2693",
doi = "10.1016/j.physletb.2012.08.020",
collaboration = "ATLAS",
author = "Aad, G. and others"
}

@article{ref:cmshiggsdiscovery,
title = "Observation of a new boson at a mass of 125 GeV with the CMS experiment at the LHC",
journal = "Phys. Lett. B",
volume = "716",
pages = "30",
year = "2012",
issn = "0370-2693",
doi = "10.1016/j.physletb.2012.08.021",
collaboration = "CMS",
author = "Chatrchyan, S. and others"
}

@ARTICLE{ref:CMS,
     author = {Chatrchyan, S. and others},
     collaboration = "CMS",
     TITLE        = "The {CMS} experiment at the {CERN LHC}",
     JOURNAL      = "JINST",
     VOLUME       = "03",
     YEAR         = "2008",
     pages        = "S08004",
    doi          = "10.1088/1748-0221/3/08/S08004"}
@Article{ref:SUSY-1,
     author    = "Gol'fand, Yu. A. and Likhtman, E. P.",
     title     = "Extension of the Algebra of {Poincar\'e} Group Generators and
                  Violation of p Invariance",
     journal   = "JETP Lett.",
     volume    = "13",
     year      = "1971",
     pages     = "323",
     url       = "http://www.jetpletters.ac.ru/ps/1584/article_24309.shtml"
     }
@ARTICLE{ref:SUSY0,
     AUTHOR       = "J. Wess and B. Zumino",
     TITLE        = "Supergauge transformations in four dimensions",
     JOURNAL      = "Nucl. Phys. B",
     VOLUME       = "70",
     YEAR         = "1974",
     pages        = "39",
     doi=	"10.1016/0550-3213(74)90355-1"}
@ARTICLE{ref:SUSY1,
     AUTHOR       = "H. P. Nilles",
     TITLE        = "Supersymmetry, Supergravity and Particle Physics",
     JOURNAL      = "Phys. Reports",
     VOLUME       = "110",
     YEAR         = "1984",
     pages        = "1",
     doi=	"10.1016/0370-1573(84)90008-5"}
@ARTICLE{ref:SUSY2,
     AUTHOR       = "Haber, H.E.  and Kane, G.L.",
     TITLE        = "The Search for Supersymmetry: Probing Physics Beyond the Standard Model",
     JOURNAL      = "Phys. Reports",
     VOLUME       = "117",
     YEAR         = "1987",
     pages        = "75",
     doi				= "10.1016/0370-1573(85)90051-1"}
@Article{ref:SUSY3,
     author    = "Barbieri, Riccardo and Ferrara, S. and Savoy, Carlos A.",
     title     = "Gauge Models with Spontaneously Broken Local Supersymmetry",
     journal   = "Phys. Lett. B",
     volume    = "119",
     year      = "1982",
     pages     = "343",
     doi       = "10.1016/0370-2693(82)90685-2"
}
@Article{ref:SUSY4,
     author    = "Dawson, Sally and Eichten, E. and Quigg, C.",
     title     = "Search for Supersymmetric Particles in Hadron - Hadron Collisions",
     journal   = "Phys. Rev. D",
     volume    = "31",
     year      = "1985",
     pages     = "1581",
     doi       = "10.1103/PhysRevD.31.1581"
}
@ARTICLE{ref:hierarchy1,
     AUTHOR       = "Witten, E.",
     TITLE        = "Dynamical Breaking of Supersymmetry",
     JOURNAL      = "Nucl. Phys. B",
     VOLUME       = "188",
     YEAR         = "1981",
     pages        = "513",
     doi				= "10.1016/0550-3213(81)90006-7"
 }
@ARTICLE{ref:hierarchy2,
     AUTHOR       = "S. Dimopoulos and H. Georgi",
     TITLE        = "Softly Broken Supersymmetry and {SU(5)}",
     JOURNAL      = "Nucl. Phys. B",
     VOLUME       = "193",
     YEAR         = "1981",
     pages        = "150",
     doi				= "10.1016/0550-3213(81)90522-8"
}
@ARTICLE{ref:SUSY-LSP-DM,
     AUTHOR       = "Jungman, G. and Kamionkowski, M.",
     TITLE        = "Supersymmetric dark Matter",
     JOURNAL      = "Phys. Report",
     VOLUME       = "267",
     YEAR         = "1996",
     pages        = "195",
     doi       = "10.1016/0370-1573(95)00058-5"
}

@Article{ref:MSUGRA,
  title = {Locally Supersymmetric Grand Unification},
  author = {Chamseddine, A. H. and Arnowitt, R. and Nath, P},
  journal = {Phys. Rev. Lett.},
  volume = {49},
  pages = {970},
  numpages = {4},
  year = {1982},
  doi = {10.1103/PhysRevLett.49.970},
  publisher = {American Physical Society}
}

@Article{PhysRevLett.69.725,
  title = {Supersymmetric mass spectrum in SU(5) supergravity grand unification},
  author = {Arnowitt, R. and Nath, P},
  journal = {Phys. Rev. Lett.},
  volume = {69},
  pages = {725},
  numpages = {3},
  year = {1992},
  doi = {10.1103/PhysRevLett.69.725},
  publisher = {American Physical Society}
}

@Article{ref:CMSSM,
     author    = "Kane, Gordon L. and others",
     title     = "Study of constrained minimal supersymmetry",
     journal   = "Phys. Rev. D",
     volume    = "49",
     year      = "1994",
     pages     = "6173",
     doi       = "10.1103/PhysRevD.49.6173"
}

@Article{Farrar:1978xj,
     author    = "Farrar, Glennys R. and Fayet, Pierre",
     title     = "Phenomenology of the Production, Decay, and Detection of
                  New Hadronic States Associated with Supersymmetry",
     journal   = "Phys. Lett. B",
     volume    = "76",
     year      = "1978",
     pages     = "575",
     doi       = "10.1016/0370-2693(78)90858-4"
}
@article{CDFLimits,
      author         = "Aaltonen, T. and others",
      title          = "Inclusive Search for Squark and Gluino Production in $p{\bar p}$ Collisions at $\sqrt{s} = 1.96$ {TeV}",
      collaboration  = "CDF",
      journal        = "Phys. Rev. Lett.",
      volume         = "102",
      pages          = "121801",
      doi            = "10.1103/PhysRevLett.102.121801",
      year           = "2009",
}
@Article{CDFtrileptons,
 title = {Search for Supersymmetry in $p\bar{p}$ Collisions at $\sqrt{s}=1.96$ {TeV} using the Trilepton Signature for Chargino-Neutralino Production},
  collaboration = {CDF},
  author = "Aaltonen, T. and others",
  journal = {Phys. Rev. Lett.},
  volume = {101},
  pages = {251801},
  year = {2008},
  doi = {10.1103/PhysRevLett.101.251801}
}
@Article{D0Limits,
	author="Abazov, V. M. and others",
	collaboration="D0",
	title = "Search for squarks and gluinos in events with jets
                  and missing transverse energy using
                  2.1~$\mathrm{fb}^{-1}$ of p$\mathrm{\bar{p}}$
                  collision data at $\sqrt{s} = 1.96~\TeV$",
	journal="Phys. Lett. B",
	volume="660",
	pages="449",
	year="2008",
	doi="10.1016/j.physletb.2008.01.042"
}
@article{Abazov200934,
    author = "Abazov, V. M. and others",
	title = "Search for associated production of charginos and neutralinos in the trilepton final state using 2.3~fb$^{-1}$ of data",
	collaboration= "D0",
	journal = "Phys. Lett. B",
	volume = "680",
	pages = "34",
	year = "2009",
	doi = "10.1016/j.physletb.2009.08.011"
}
@Article{UA1Limits,
     author    = "Albajar, C. and others",
     collaboration = "UA1",
     title     = "Events with Large Missing Transverse Energy at the {CERN}
                  Collider. 3. {M}ass Limits on Supersymmetric Particles",
     journal   = "Phys. Lett. B",
     volume    = "198",
     year      = "1987",
     pages     = "261",
     doi       = "10.1016/0370-2693(87)91509-7"
}
@Article{UA2Limits,
     author    = "Ansari, R. and others",
     collaboration = "UA2",
     title     = "Search for Exotic Processes at the {CERN} p$\bar{\rm p}$ Collider",
     journal   = "Phys. Lett. B",
     volume    = "195",
     year      = "1987",
     pages     = "613",
     doi       = "10.1016/0370-2693(87)91583-8"
}
@Article{HERALimits1,
     author    = "Chekanov, S. and others",
     collaboration = "ZEUS",
     title     = "Search for stop production in {R}-parity-violating supersymmetry at {HERA}",
     journal   = "Eur. Phys. J. C",
     volume    = "50",
     year      = "2007",
     pages     = "269",
     doi       = "10.1140/epjc/s10052-007-0240-8"
}
@Article{HERALimits2,
     author    = "Aid, S. and others",
     collaboration = "H1",
     title     = "A search for selectrons and squarks at {HERA}",
     journal   = "Phys. Lett. B",
     volume    = "380",
     year      = "1996",
     pages     = "461",
     doi       = "10.1016/0370-2693(96)00640-5"
}
@UNPUBLISHED{LEPLimits,
	author="LEPSUSYWG",
	collaboration= "ALEPH, DELPHI, L3 and OPAL",
        title="Joint {SUSY} Working Group",
	note="{LEPSUSYWG/02-06-2}",
        year="2002",
	url="http://lepsusy.web.cern.ch/lepsusy"
}	

@misc{patlayer1twiki,
 note = "\mbox{https://twiki.cern.ch/twiki/bin/view/CMS/SusyPatLayer1DefV9}"
}

@misc{globaltagstwiki,
 note = "\mbox{https://twiki.cern.ch/twiki/bin/view/CMS/SWGuideFrontierConditions}"
}

@misc{jetenergytwiki,
 note = "\mbox{https://twiki.cern.ch/twiki/bin/view/CMS/WorkBook210JetAnalysis\#Jec900GeV}"
}

@misc{meticheptwiki,
 note = "\mbox{https://twiki.cern.ch/twiki/bin/viewauth/CMS/METichepPAS2}"
}

@misc{DijetAN,
 note = "Jet Commissioning using Di-Jet Events from 900 GeV and 2360 GeV Collision Data, CMS AN-2010/009"
}

@misc{PFJetID,
 note = "\mbox{Particle Flow Jet Identification Criteria, CMS AN-2010/003}"
}

@misc{CaloJetID,
 note = "\mbox{Calorimeter Jet Quality Criteria for the First CMS Collision Data,} \mbox{and preparations for calibrating their efficiencies, CMS AN-2009/087}"
}

@ARTICLE{antikt,
 AUTHOR={Cacciari, M. and Salam, G.~P.  and Soyez, G.},
 TITLE={The anti-$k_{\rm T}$ jet clustering algorithm},
  journal={JHEP},
 volume={04},
 pages={063},
 year={2008},
 doi="10.1088/1126-6708/2008/04/063"
}

@ARTICLE{Randall:2008rw,
 AUTHOR=       "Randall, L. and Tucker-Smith, D.",
 TITLE=        "Dijet Searches for Supersymmetry at the Large Hadron Collider",
 JOURNAL=      "Phys. Rev. Lett.",
 VOLUME=       "101",
 YEAR=         "2008",
 pages = "221803",
 doi = {10.1103/PhysRevLett.101.221803},
  publisher = {American Physical Society}
}

@Article{Melnikov:2006kv,
     author    = "Melnikov, Kirill and Petriello, Frank",
     title     = "{Electroweak gauge boson production at hadron colliders
                  through O(alpha(s)**2)}",
     journal   = "Phys. Rev.",
     volume    = "D74",
     year      = "2006",
     pages     = "114017",
     eprint    = "hep-ph/0609070",
     archivePrefix = "arXiv",
     doi       = "10.1103/PhysRevD.74.114017",
     SLACcitation  = "%%CITATION = HEP-PH/0609070;%%"
}

@misc{pas-ewk-10-004,
 note="CMS Physics Analysis Summary, CMS PAS EWK-10-004"
}


@misc{cms-pas-jme-10-010,
 note="CMS Physics Analysis Summary, CMS PAS JME-10-010"
}

@misc{cms-pas-TOP-10-001,
 note="CMS Physics Analysis Summary, CMS PAS TOP-10-001"
}

@misc{top-xs,
 note="CMS Physics Analysis Summary, CMS PAS TOP-11-002"
}

@misc{w-xs,
 note="CMS Physics Analysis Summary, CMS PAS EWK-10-002"
}

@Techreport{cms-pas-sus-09001,
COLLABORATION = "CMS",
AUTHOR = "{CMS Collaboration}",
TITLE        = "Search strategy for exclusive multi-jet events from supersymmetry at CMS",
TYPE         = "CMS Physics Analysis Summary",
NUMBER       = "SUS-09-001",
URL         = "http://cdsweb.cern.ch/record/1194509",
YEAR         = "2009"
}

@Techreport{cms-pas-sus-08005,
COLLABORATION = "CMS",
AUTHOR = "{CMS Collaboration}",
TITLE        = "SUSY searches with dijet events",
TYPE      = "CMS Physics Analysis Summary",
NUMBER       = "SUS-08-005",
URL         = "http://cdsweb.cern.ch/record/1149915",
YEAR         = "2008"
}

@misc{HIG-08-001,
 note="CMS Physics Analysis Summary, CMS PAS HIG-08-001"
}

@misc{cms-an-080114,
 note="CMS Analysis Note, CMS-AN 2008/114"
}

@misc{cms-an-10-242,
 note="CMS Analysis Note, CMS-AN 2010/242"
}

@misc{ZWAN,
 note="CMS Analysis Note, CMS AN-2010/264"
}

@misc{WPOL,
 note="CMS Analysis Note, CMS-AN 2010/309"
}

@misc{cms-pas-sus-08002,
 note="CMS Physics Analysis Summary, CMS PAS SUS-08-002"
}

@misc{cms-pas-jme_10003,
 note="CMS Physics Analysis Summary, CMS PAS JME-10-003"
}

@misc{cms-an-080071,
 note="CMS Analysis Note, CMS-AN 2008/071"
}

@misc{cms-an-090056,
 note="CMS Analysis Note, CMS-AN 2009/056"
}

@misc{cms-an-090040,
 note="CMS Analysis Note, CMS-AN 2009/040"
}

@misc{cms-pas-ewk-07002,
 note="CMS Physics Analysis Summary, CMS PAS EWK-07-002"
}
@misc{summer10,
 note = "See: https://twiki.cern.ch/twiki/bin/viewauth/CMS/ProductionReProcessingSummer10"
 }
@misc{patl1,
 note = "See: https://twiki.cern.ch/twiki/bin/view/CMS/SusyPatLayer1DefV9"
}
@misc{icfcode,
 note = "See: https://svn.cern.ch/reps/icfsusy/trunk/AnalysisV2/"
}
@misc{bib:isolep,
 note="See: https://twiki.cern.ch/twiki/bin/view/CMS/VplusJets"
}
@misc{bib:ecalstatus,
 note="See: https://twiki.cern.ch/twiki/bin/view/CMS/EcalChannelStatus"
}
@Article{madgraph,
     author    = "Alwall, Johan and others",
     title     = "{MadGraph/MadEvent v4: The New Web Generation}",
     journal   = "JHEP",
     volume    = "09",
     year      = "2007",
     pages     = "028",
     eprint    = "0706.2334",
     archivePrefix = "arXiv",
     primaryClass  =  "hep-ph",
     SLACcitation  = "%%CITATION = 0706.2334;%%"
}
@misc{susyanalysis,
 note="See: https://twiki.cern.ch/twiki/bin/view/CMS/SusyPat"
}
@misc{pat,
 note="See: https://twiki.cern.ch/twiki/bin/view/CMS/SWGuidePAT"
}
@misc{patcc,
 note="See: https://twiki.cern.ch/twiki/bin/view/CMS/SusyPatCrossCleaner"
}
@misc{biasedDPhi,
 note="CMS Analysis Note, CMS-AN 2009/040"
}
@misc{dPhiMPT,
 note ="See talk by Mariarosaria d'Alfonso: http://indico.cern.ch/getFile.py/access?contribId=7&resId=2&materialId=slides&confId=54337"
}
@ARTICLE{hcalnoise,
     COLLABORATION = "CMS",
     TITLE        = "HCAL performance from first collisions data",
     JOURNAL      = "CMS Detector Performance Summary",
     VOLUME       = "DPS-2010/025",
     YEAR         = "2010"}
@Article{ProfileLikelihood,
	author="Severini",
     	title="Likelihood methods in statistics",
	journal="Oxford University Press",
	year="2000"
}
@Article{MINOS,
	author = "Frederic James",
	title="{MINUIT Reference Manual}",
	journal="{CERN Program Library Writeup}",
	volume="D506"
}
@Article{ROOSTATS,
	author="Moneta, Belasco, Cranmer and others",
	journal="Proceedings of Science",
	title="The RooStats Project",
	year="2010"
}
@ARTICLE{ecalnoise,
     COLLABORATION = "CMS",
     AUTHOR = "{CMS Collaboration}",
     TITLE        = "Electromagnetic calorimeter commissioning and first results with 7 TeV data",
     JOURNAL      = "CMS Note",
     VOLUME       = "2010/012",
     YEAR         = "2010"}
@ARTICLE{ewk_wz_xsec,
		 COLLABORATION = "CMS",
		 TITLE        = "Measurements of inclusive W and Z cross Sections in pp collisions at 7 TeV",
		 JOURNAL      = "CMS Note",
		 VOLUME       = "2010/116",
		 YEAR         = "2010"}
@ARTICLE{muon_reco,
	   COLLABORATION = "CMS",
		 TITLE        = "Muon reconstruction in the CMS detector",
		 JOURNAL      = "CMS Note",
		 VOLUME       = "2008/097",
		 YEAR         = "2008"}
@ARTICLE{muon_id,
	   COLLABORATION = "CMS",
		 TITLE        = "Muon identification in CMS",
		 JOURNAL      = "CMS Note",
		 VOLUME       = "2008/098",
		 YEAR         = "2008"}
@misc{photon_id,
 note="See: https://twiki.cern.ch/twiki/bin/view/CMS/PhotonID"
}
@Article{PTDRII,
          collaboration = "CMS",
          title  = "{CMS Physics Technical Design Report, Volume II: Physics Performance}",
          journal   = "J. Phys. G: Nucl. Part. Phys.",
          volume    = "34",
          year      = "2007",
          pages     = "995"
}
@misc{SUS-10-001,
 note="CMS Physics Analysis Summary, CMS PAS SUS-10-001"
}
@misc{cousins,
note="See: \nolinkurl{http://cousins.web.cern.ch/cousins/drafts/rhorho_cousins.pdf}"
}
@misc{dixon,
 note = "\mbox{L. Dixon, private communication}"
}

@ARTICLE{JME-09-008,
     COLLABORATION = "CMS",
     TITLE        = "Calorimeter Jet Quality Criteria for the First CMS Collision Data",
     JOURNAL      = "CMS Physics Analysis Summary",
     VOLUME       = "JME-09-008",
      URL         = "http://cdsweb.cern.ch/record/1259924",
     YEAR         = "2009"
}

@Techreport{CMS-NOTE-2010-012,
     AUTHOR = "{CMS Collaboration}",
		 COLLABORATION = "CMS",
		 TITLE        = "Electromagnetic calorimeter
                  commissioning and first results with 7 TeV data",
		 TYPE      = "CMS Note",
		 NUMBER       = "CMS-NOTE-2010-012",
      URL         = "http://cdsweb.cern.ch/record/1278160",
		 YEAR         = "2010"
}		

@Techreport{PAS-EGM-10-004,
     AUTHOR = "{CMS Collaboration}",
		 COLLABORATION = "CMS",
		 TITLE        = "Electron reconstruction and identification at $\sqrt{s}$ = 7 TeV",
		 TYPE      = "CMS Physics Analysis Summary",
		 NUMBER       = "EGM-10-004",
      URL         = "http://cdsweb.cern.ch/record/1299116",
		 YEAR         = "2010"
}		
@Techreport{PAS-EGM-10-005,
		 COLLABORATION = "CMS",
		 TITLE        = "Photon reconstruction and identification at $\sqrt{s}$ = 7 TeV",
		 Type      = "CMS Physics Analysis Summary",
		 Number       = "EGM-10-005",
      URL         = "http://cdsweb.cern.ch/record/1279143",
		 YEAR         = "2010"
}		
@Techreport{PAS-EGM-10-006,
     AUTHOR = "{CMS Collaboration}",
		 COLLABORATION = "CMS",
		 TITLE        = "Isolated Photon Reconstruction and Identification at $\sqrt{s}$ = 7 TeV",
		 Type      = "CMS Physics Analysis Summary",
		 Number       = "EGM-10-006",
      URL         = "http://cdsweb.cern.ch/record/1324545",
		 YEAR         = "2010"
}		
@Techreport{PAS-MUO-10-002,
     AUTHOR = "{CMS Collaboration}",
		 COLLABORATION = "CMS",
		 TITLE        = "Performance of muon identification in pp collisions at $\sqrt{s}$ = 7 TeV",
		 Type      = "CMS Physics Analysis Summary",
		 Number       = "MUO-10-002",
      URL         = "http://cdsweb.cern.ch/record/1279140",
		 YEAR         = "2010"
}
@misc{SMSnote,
 note = "\mbox{https://twiki.cern.ch/twiki/pub/CMS/SUSY/referenceTopologiesDec13.pdf}"
}
@misc{SMSAN,
 note = "Search Optimization and Limit Setting using Simplified Model Spectra for the RA2 Inclusive Hadronic SUSY Search, CMS AN-2010/404"
}
@Unpublished{RA2,
     AUTHOR = "{CMS Collaboration}",
 collaboration = "CMS",
     title     = "{Search for New Physics with Jets and Missing Transverse
                  Momentum in pp Collisions at $\sqrt{s}$ = 7 TeV}",
     year      = "2011",
     eprint    = "1106.4503",
     archivePrefix = "arXiv",
     primaryClass  =  "hep-ex",
     note="Accepted by JHEP",
     SLACcitation  = "%%CITATION = 1106.4503;%%"
}
@Unpublished{Razor,
     AUTHOR = "{CMS Collaboration}",
 collaboration = "CMS",
     title     = "Inclusive search for squarks and gluinos in pp collisions
                  at $\sqrt{s}$ = 7 {TeV}",
     year      = "2011",
     note      = "Submitted to Phys. Rev. D",
     eprint    = "1107.1279",
     archivePrefix = "arXiv",
     primaryClass  =  "hep-ex",
     SLACcitation  = "%%CITATION = 1107.1279;%%"
}
@Article{Allanach:2001kg,
     author    = "Allanach, B. C.",
     title     = "{SOFTSUSY: a program for calculating supersymmetric spectra}",
     journal   = "Comput. Phys. Commun.",
     volume    = "143",
     year      = "2002",
     pages     = "305",
     doi       = "10.1016/S0010-4655(01)00460-X"
}

@Article{pythia,
author={
Sj{\"o}strand, T. and 
Ask, S. and 
Christiansen, J. R. and 
Corke, R. and 
Desai, N. and 
Ilten, P. and 
Mrenna, S. and 
Prestel, S. and 
Rasmussen, C. O. and 
Skands, P. Z.},
title="An Introduction to PYTHIA 8.2",
journal="Comput. Phys. Commun.",
year="2015",
volume="191",
pages="159",
doi="10.1016/j.cpc.2015.01.024",
archivePrefix="arXiv",
primaryClass="hep-ph",
eprint="1410.3012",
}

@Article{cls-pdg,
     author        = "Nakamura, K.",
     collaboration = "Particle Data Group",
     title         = "{Review of particle physics}",
     journal       = "J. Phys. G",
     volume        = "37",
     year          = "2010",
     pages         = "075021",
     doi           = "10.1088/0954-3899/37/7A/075021",
     SLACcitation  = "%%CITATION = JPHGB,G37,075021;%%"
}
@Techreport{ref:lumi,
      COLLABORATION = {CMS},
      AUTHOR = "{CMS Collaboration}",
      TITLE         = "Measurement of CMS Luminosity",
      TYPE     = "CMS Physics Analysis Summary",
      NUMBER        = "EWK-10-004",
      YEAR          = "2010",
      url = "http://cdsweb.cern.ch/record/1279145",
}

@Techreport{PAS-JME-10-010,
		 COLLABORATION = "CMS",
     AUTHOR = "{CMS Collaboration}",
		 TITLE        = "Jet Energy Corrections Determination at 7 TeV",
		 TYPE      = "CMS Physics Analysis Summary",
		 NUMBER       = "JME-10-010",
      URL         = "http://cdsweb.cern.ch/record/1308178",
		 YEAR         = "2010"
}

@Article{toppaper,
     author    = "Khachatryan, V. and others",
 collaboration = "CMS",
     title     = "First Measurement of the Cross Section for Top-Quark Pair
                  Production in Proton-Proton Collisions at $\sqrt{s}$ = 7 {TeV}",
     journal   = "Phys. Lett. B",
     volume    = "695",
     year      = "2011",
     pages     = "424",
     doi       = "10.1016/j.physletb.2010.11.058",
}
@Techreport{PAS-SUS-08-002,
     Collaboration = "CMS",
     AUTHOR = "{CMS Collaboration}",
     Title = "Data-Driven Estimation of the Invisible {Z} Background to the {SUSY MET} Plus Jets Search",
     Type = "CMS Physics Analysis Summary",
     Number = "SUS-08-002",
      URL         = "http://cdsweb.cern.ch/record/1194471",
     Year = "2008"
}

@Article{PhysRevLett.106.211802,
  title = {Search for Supersymmetry in $pp$ Collisions at $\sqrt{s}$ = 7 TeV in
                  Events with Two Photons and Missing Transverse
                  Energy},
  collaboration = {CMS},
  author = {Chatrchyan, S. and others},
  journal = {Phys. Rev. Lett.},
  volume = {106},
  pages = {211802},
  numpages = {15},
  year = {2011},
  doi = {10.1103/PhysRevLett.106.211802},
  publisher = {American Physical Society}
}

@article {springerlink:10.1007/JHEP07(2011)113,
   author = {Khachatryan, V. and others},
   affiliation = {Yerevan Physics Institute, Yerevan, Armenia},
   Collaboration={CMS},
   title = {Search for supersymmetry in events with b jets and missing transverse momentum at the LHC},
   journal = {JHEP},
   publisher = {Springer Berlin / Heidelberg},
   issn = {},
   keyword = {Physics},
   pages = {113},
   volume = {07},
   issue = {7},
   url = {http://dx.doi.org/10.1007/JHEP07(2011)113},
   doi = {10.1007/JHEP07(2011)113},
   year = {2011}
}


@Article{PhysRevLett.106.131802,
  title = {Search for Supersymmetry using Final States with One Lepton, Jets, and Missing Transverse Momentum with the ATLAS Detector in $\sqrt{s}$ = 7 TeV $pp$ Collisions},
  collaboration = {ATLAS},
  author = {Aad, G.  and others},
  journal = {Phys. Rev. Lett.},
  volume = {106},
  pages = {131802},
  numpages = {19},
  year = {2011},
  doi = {10.1103/PhysRevLett.106.131802},
  publisher = {American Physical Society}
}

@article{Aad2011186,
title = "Search for squarks and gluinos using final states with jets and missing transverse momentum with the ATLAS detector in  proton-proton collisions",
journal = "Phys. Lett. B",
volume = "701",
pages = "186",
year = "2011",
note = "",
issn = "0370-2693",
doi = "10.1016/j.physletb.2011.05.061",
url = "http://www.sciencedirect.com/science/article/pii/S0370269311005922",
collaboration = {ATLAS},
author = "Aad, G. and others",
keywords = "Supersymmetry",
keywords = "Squark",
keywords = "Gluino",
keywords = "Search",
keywords = "LHC",
keywords = "ATLAS"
}

@article{Aad2011398,
title = "Search for supersymmetry in pp collisions at  in final states with missing transverse momentum and b-jets",
journal = "Phys. Lett.",
volume = "B701",
pages = "398",
year = "2011",
note = "",
issn = "0370-2693",
doi = "10.1016/j.physletb.2011.06.015",
url = "http://www.sciencedirect.com/science/article/pii/S0370269311006368",
collaboration = {ATLAS},
author = "Aad, G. and others",
keywords = "Supersymmetry",
keywords = "ATLAS",
keywords = "LHC",
keywords = "Sbottom",
keywords = "Stop",
keywords = "Gluino"
}

@article {springerlink:10.1140/epjc/s10052-011-1682-6,
   author = {Aad, G. and others},
   affiliation = {CERN, 1211 Geneva 23, Switzerland},
   collaboration = {ATLAS},
   title = {Search for supersymmetric particles in events with lepton
                  pairs and large missing transverse momentum in
                  $\sqrt{s}=7~\mbox{TeV}$ proton-proton collisions
                  with the ATLAS experiment},
   journal = {Eur. Phys. J. C},
   publisher = {Springer Berlin / Heidelberg},
   issn = {1434-6044},
   keyword = {Physics and Astronomy},
   pages = {1},
   volume = {71},
   issue = {7},
   url = {http://dx.doi.org/10.1140/epjc/s10052-011-1682-6},
   doi = {10.1140/epjc/s10052-011-1682-6},
   year = {2011}
}
@Article{Ask:2011xf,
     author    = "Ask, S. and others",
     title     = "{Using $\gamma$ + jets Production to Calibrate the
                  Standard Model Z($\rightarrow\nu\bar{\nu}$) + jets
                  Background to New Physics Processes at the LHC}",
     year      = "2011",
     eprint    = "1107.2803",
     archivePrefix = "arXiv",
     primaryClass  =  "hep-ph",
     SLACcitation  = "%%CITATION = 1107.2803;%%"
}

@article{1748-0221-5-03-T03014,
  author = {Chatrchyan, S. and others},
  collaboration={CMS},
  title={Identification and filtering of uncharacteristic noise in the CMS hadron calorimeter},
  journal={JINST},
  volume={5},
  pages={T03014},
  doi={10.1088/1748-0221/5/03/T03014},
  year={2010},
}

@Unpublished{Bern:2011pa,
  author = "Bern, Z. and others",
  title = "Driving Missing Data at Next-to-Leading Order",
  year = "2011",
  eprint = "1106.1423",
  archivePrefix = "arXiv",
  primaryClass = "hep-ph",
  SLACcitation  = "%%CITATION = 1106.1423;%%"
}

@article{cms-jets,
      author         = "Khachatryan, V. and others",
      title          = "{Jet energy scale and resolution in the CMS experiment in
                        pp collisions at 8 TeV}",
      collaboration  = "CMS",
      year           = "2016",
      eprint         = "1607.03663",
      archivePrefix  = "arXiv",
      primaryClass   = "hep-ex",
      reportNumber   = "CMS-JME-13-004, CERN-PH-EP-2015-305",
      note = {Submitted to {\it JINST}},
      SLACcitation   = "%%CITATION = ARXIV:1607.03663;%%"
}

@article {springerlink:10.1140/epjc/s10052-011-1722-2,
   author = {Buchmueller, O. and others},
   title = {Supersymmetry and dark matter in light of LHC 2010 and XENON100 data},
   journal = {Eur. Phys. J.},
   publisher = {Springer Berlin / Heidelberg},
   issn = {1434-6044},
   keyword = {Physics and Astronomy},
   pages = {1},
   volume = {C71},
   url = {http://dx.doi.org/10.1140/epjc/s10052-011-1722-2},
   doi = {10.1140/epjc/s10052-011-1722-2},
   year = {2011}
}


@article{Martin:2007gf,
      author         = "Martin, Stephen P.",
      title          = "{Compressed supersymmetry and natural neutralino dark
                        matter from top squark-mediated annihilation to top
                        quarks}",
      journal        = "Phys.Rev.",
      volume         = "D75",
      pages          = "115005",
      doi            = "10.1103/PhysRevD.75.115005",
      year           = "2007",
      eprint         = "hep-ph/0703097",
      archivePrefix  = "arXiv",
      primaryClass   = "HEP-PH",
      SLACcitation   = "%%CITATION = HEP-PH/0703097;%%",
}

@article{Martin:2007hn,
      author         = "Martin, Stephen P.",
      title          = "{The Top squark-mediated annihilation scenario and direct
                        detection of dark matter in compressed supersymmetry}",
      journal        = "Phys.Rev.",
      volume         = "D76",
      pages          = "095005",
      doi            = "10.1103/PhysRevD.76.095005",
      year           = "2007",
      eprint         = "0707.2812",
      archivePrefix  = "arXiv",
      primaryClass   = "hep-ph",
      SLACcitation   = "%%CITATION = ARXIV:0707.2812;%%",
}

@article{Carena:2008mj,
      author         = "Carena, M. and Freitas, A. and Wagner, C.E.M.",
      title          = "{Light Stop Searches at the LHC in Events with One Hard Photon or Jet and Missing Energy}", 
      journal        = "JHEP",
      volume         = "10",
      pages          = "109",
      doi            = "10.1088/1126-6708/2008/10/109",
      year           = "2008",
      eprint         = "0808.2298",
      archivePrefix  = "arXiv",
      primaryClass   = "hep-ph",
      reportNumber   = "ANL-HEP-PR-08-46, EFI-08-22, FERMILAB-PUB-08-269-T",
      SLACcitation   = "%%CITATION = ARXIV:0808.2298;%%",
}

@article{Balazs:2004bu,
      author         = "Balazs, C. and Carena, Marcela S. and Wagner, C.E.M.",
      title          = "{Dark matter, light stops and electroweak baryogenesis}",
      journal        = "Phys. Rev. D",
      volume         = "70",
      pages          = "015007",
      doi            = "10.1103/PhysRevD.70.015007",
      year           = "2004",
      eprint         = "hep-ph/0403224",
      archivePrefix  = "arXiv",
      primaryClass   = "hep-ph",
      reportNumber   = "ANL-HEP-PR-04-27, EFI-04-08, FERMILAB-PUB-04-034-T",
      SLACcitation   = "%%CITATION = HEP-PH/0403224;%%",
}

@article{Khachatryan:2015wza,
      author         = "Khachatryan, V. and others",
      title          = "Searches for third generation squark production in fully
                        hadronic final states in proton-proton collisions at
                        $\sqrt{s} = 8\TeV$",
      collaboration  = "CMS",
      year           = "2015",
      eprint         = "1503.08037",
      archivePrefix  = "arXiv",
      primaryClass   = "hep-ex",
      reportNumber   = "CMS-SUS-14-001, CERN-PH-EP-2015-055",
      note="Accepted by JHEP",
      SLACcitation   = "%%CITATION = ARXIV:1503.08037;%%",}
}

@article{1742-6596-513-2-022012,
  author={Andrea Giammanco},
  title={The Fast Simulation of the CMS Experiment},
  journal={Journal of Physics: Conference Series},
  volume={513},
  number={2},
  pages={022012},
  url={http://stacks.iop.org/1742-6596/513/i=2/a=022012},
  year={2014},
  abstract={The CMS collaboration has developed a fast Monte Carlo simulation of the CMS detector with event production rates ~ 100 times faster than the GEANT4-based simulation ("full simulation"), with nonetheless comparable accuracy for most of the physics objects typically considered in the analyses. We discuss basic technical principles of the CMS Fast Simulation and their implementation in the different components of the detector, and we illustrate the most recent developments towards a tighter integration with the full simulation and a better flexibility.}
}

@Article{Alwall2014,
author={Alwall, J.
and Frederix, R.
and Frixione, S.
and Hirschi, V.
and Maltoni, F.
and Mattelaer, O.
and Shao, H.-S.
and Stelzer, T.
and Torrielli, P.
and Zaro, M.},
title="The automated computation of tree-level and next-to-leading order differential cross sections, and their matching to parton shower simulations",
journal="Journal of High Energy Physics",
year="2014",
volume="07",
pages="079",
doi="10.1007/JHEP07(2014)079",
archivePrefix  = "arXiv",
primaryClass   = "hep-ph",
eprint         = "1405.0301",
}

@article{wphys,
author={Gavin, R. and Li, Y. and Petriello, F. and Quackenbush, S.},
title={W Physics at the LHC with FEWZ 2.1},
journal="Comput. Phys. Commun.",
year="2013",
volume="184",
pages="208",
doi="10.1016/j.cpc.2012.09.005",
archivePrefix="arXiv",
primaryClass="hep-ph",
eprint="1201.5896",
}

@article{fewz,
author={Gavin, R. and Li, Y. and Petriello, F. and Quackenbush, S.},
title="{FEWZ 2.0: A code for hadronic Z production at next-to-next-to-leading order}",
journal="Comput. Phys. Commun. ",
year="2011",
volume="182",
pages="2388",
doi="10.1016/j.cpc.2011.06.008",
archivePrefix="arXiv",
primaryClass="hep-ph",
eprint="1011.3540",
}

@article{wwxs,
author={Melia, T. and Nason, P. and Rontsch, R. and Zanderighi, G.},
title="W$^+$W$^-$, WZ and ZZ production in the POWHEG BOX",
journal="JHEP",
year="2011",
volume="11",
pages="078",
doi="10.1007/JHEP11(2011)078",
archivePrefix="arXiv",
primaryClass="hep-ph",
eprint="1107.5051",
}

@article{top++,
author={Czakon M. and Mitov, A.},
title="Top++: A program for the calculation of the top-pair cross-section at hadron colliders",
journal="Comput. Phys. Commun.",
year="2014",
volume="185",
pages="2930",
doi="10.1016/j.cpc.2014.06.021",
archivePrefix="arXiv",
primaryClass="hep-ph",
eprint="1112.5675",
}

@article{nlotop,
author={Alioli, S. and Nason, P. and Oleari, C. and Re, E.},
title="NLO single-top production matched with shower in POWHEG: s- and t-channel contributions",
journal="JHEP",
year="2009",
volume="09",
pages="111",
doi="10.1088/1126-6708/2009/09/111",
archivePrefix="arXiv",
primaryClass="hep-ph",
eprint="0907.4076",
notes="[Erratum: \url{doi:10.1007/JHEP02(2010)011]}",
}

@Article{powheg_top_Wt,
author={Re, E.},
title="Single-top Wt-channel production matched with parton showers using the POWHEG method",
journal="Eur. Phys. J. C",
year="2011",
volume="71",
pages="1547",
doi="10.1140/epjc/s10052-011-1547-z",
archivePrefix="arXiv",
primaryClass="hep-ph",
eprint="1009.2450",
}

@unpublished{atlas-12,
      author         = "Aad, G. and others",
      title          = "{Search for new phenomena in final states with large jet multiplicities and missing transverse momentum with ATLAS using $\sqrt{s} = 13\TeV$ proton--proton collisions}",
      collaboration  = "ATLAS",
      year           = "2016",
      eprint         = "1602.09058",
      archivePrefix  = "arXiv",
      primaryClass   = "hep-ex",
      reportNumber   = {CERN-EP-2016-027},
      note           = {Accepted by {\it Phys. Lett. B}},
      SLACcitation   = "%%CITATION = ARXIV:1602.09058;%%"
}

@article{atlas-13,
      author         = "Aaboud, Morad and others",
      title          = "{Search for new phenomena in final states with
                  an energetic jet and large missing transverse
                  momentum in pp collisions at $\sqrt{s}=13\TeV$ using
                  the ATLAS detector}",
      collaboration  = "ATLAS",
      year           = {2016},
      eprint         = "1604.07773",
      archivePrefix  = "arXiv",
      primaryClass   = "hep-ex",
      reportNumber   = "CERN-EP-2016-075",
      note           = {Submitted to {\it Phys. Rev. D}},
      SLACcitation   = "%%CITATION = ARXIV:1604.07773;%%"
}

@unpublished{cms-12,
      author         = "Khachatryan, V. and others",
      title          = "{Search for supersymmetry in the multijet and missing transverse momentum final state in pp collisions at 13 TeV}",
      collaboration  = "CMS",
      year           = "2016",
      eprint         = "1602.06581",
      archivePrefix  = "arXiv",
      primaryClass   = "hep-ex",
      reportNumber   = {CERN-EP-2016-036, CMS-SUS-15-002},
      note           = {Accepted by {\it Phys. Lett. B}},
      SLACcitation   = "%%CITATION = ARXIV:1602.06581;%%"
}

@unpublished{cms-13,
      author         = "Khachatryan, V. and others",
      title          = "{Search for new physics with the M$_{T2}$ variable in all-jets final states produced in pp collisions at $\sqrt{s} = 13\TeV$}",
      collaboration  = "CMS",
      year           = "2016",
      eprint         = "1603.04053",
      archivePrefix  = "arXiv",
      primaryClass   = "hep-ex",
      reportNumber   = {CERN-EP-2016-067, CMS-SUS-15-003},
      note           = {Submitted to {\it JHEP}},
      SLACcitation   = "%%CITATION = ARXIV:1603.04053;%%"
}
