../SUS-15-005.bib