--- COMMENTS may be placed outside the @ENTRYTYPE{ ... } stuctures
--- CMS guidelines
---- Every journal article citation should include the DOI, assuming one exists.
---- All URLs for CMS notes, ANs, etc, should refer to the CDS server, not the CMS server. Use our standard format for them, as shown below.
----  CMS Notes not available on CDS are regarded as private and may not be cited.
----  CMS physics papers (i.e., those intended for publication in journals) may reference only POG PASs, not PAG PASs.
---- For papers by collaborations, list the collaboration in the COLLABOROATION field and put the first author and "and others" in the AUTHOR field.
----  If only the collaboration is listed as the author, put "{XXX Collaboration}" under AUTHOR.
----  Note that we automatically replace the AUTHOR field with the collaboration name for ATLAS, CMS, LHCb, and ATLAS at submission time. Please don't remove the
----  "First Author and others" in the AUTHOR field.
---- Other items:
----   PAGES: Please only list the first page, not the range.
----   ISSUE: Please do not include in most cases.
----   URL: Do not include this field if a DOI is available.
---- Number of authors to list:
----   PRL requests that we include all authors up to fifteen except for large collaborations, and we take this as our internal guide as well. If there
----   are more than fifteen, just list the first author + "and others", as above.
----   The individual journal bib style file (theirs, ours, PLB, etc.) will truncate at the appropriate point. We have ours set to _1_ for more than four.
---- Use only the URL field instead of embedding an href.
---- A reference only published on the arXiv should be listed as UNPUBLISHED (with a note "Submitted to XXX" for large collaboration papers).
----   Experimental papers only on the arXiv and not submitted for publication may not be cited.
---- Some journals will lowercase the title: use {} to protect words which must be capitalized, e.g., {LHC}, {TeV}, {CERN}, {CMS}.
----  Do not escape the entire title as it will then clash with the journal style.
---- Journal names: the journals generally include the series in the journal name, "Physical Review D", vol 5, rather than PR D5

%%__________________________________________________________________||
% Examples can be found at the first commit of this file.
% There, some CMS specific instructions are written.
% You can look at the fist commit of this file for AN-15-004 online at:
%   https://github.com/CMSRA1/AN-15-004/blob/324593c626/AN-15-004.bib

% CMS has specific guidelines for citing papers for the CMS detector,
% statistics, and event generators. Visit these twiki topics for those
% guidelines:
%   https://twiki.cern.ch/twiki/bin/viewauth/CMS/Internal/PubDetector
%   https://twiki.cern.ch/twiki/bin/viewauth/CMS/StatisticsReferences
%   https://twiki.cern.ch/twiki/bin/viewauth/CMS/CitationsForGenerators

%%__________________________________________________________________||
%
% CMS detector
%

@Article{Chatrchyan:2008zzk,
     author    = "Chatrchyan, S. and others",
     collaboration = "CMS",
     title     = "The {CMS} experiment at the {CERN} {LHC}",
     journal   = "JINST",
     volume    = "3",
     year      = "2008",
     pages     = "S08004",
     doi       = "10.1088/1748-0221/3/08/S08004",
     SLACcitation  = "%%CITATION = JINST,3,S08004;%%"
}

%%__________________________________________________________________||
%
% CMS RA1
%

% SUS-10-003
@article{Khachatryan:2011tk,
      author         = "{CMS Collaboration}",
      title          = "{Search for Supersymmetry in pp Collisions at 7 TeV in
                         Events with Jets and Missing Transverse Energy}",
      collaboration  = "CMS",
      journal        = "Phys.Lett.",
      volume         = "B698",
      pages          = "196-218",
      doi            = "10.1016/j.physletb.2011.03.021",
      year           = "2011",
      eprint         = "1101.1628",
      archivePrefix  = "arXiv",
      primaryClass   = "hep-ex",
      reportNumber   = "CERN-PH-EP-2010-084, CMS-SUS-10-003",
      SLACcitation   = "%%CITATION = ARXIV:1101.1628;%%",
}

% CMS-SUS-11-003
@article{Chatrchyan:2011zy,
      author         = "{CMS Collaboration}",
      title          = "{Search for Supersymmetry at the LHC in Events with Jets
                        and Missing Transverse Energy}",
      collaboration  = "CMS",
      journal        = "Phys.Rev.Lett.",
      volume         = "107",
      pages          = "221804",
      doi            = "10.1103/PhysRevLett.107.221804",
      year           = "2011",
      eprint         = "1109.2352",
      archivePrefix  = "arXiv",
      primaryClass   = "hep-ex",
      reportNumber   = "CERN-PH-EP-2011-138, CMS-SUS-11-003",
      SLACcitation   = "%%CITATION = ARXIV:1109.2352;%%",
}

% SUS-11-022
@article{Chatrchyan:2012wa,
      author         = "{CMS Collaboration}",
      title          = "{Search for supersymmetry in final states with missing
                        transverse energy and 0, 1, 2, or at least 3 b-quark jets
                        in 7 TeV pp collisions using the variable alphaT}",
      collaboration  = "CMS",
      journal        = "JHEP",
      volume         = "1301",
      pages          = "077",
      doi            = "10.1007/JHEP01(2013)077",
      year           = "2013",
      eprint         = "1210.8115",
      archivePrefix  = "arXiv",
      primaryClass   = "hep-ex",
      reportNumber   = "CMS-SUS-11-022, CERN-PH-EP-2012-290",
      SLACcitation   = "%%CITATION = ARXIV:1210.8115;%%",
}

% SUS-12-028
@article{Chatrchyan:2013lya,
      author         = "{CMS Collaboration}",
      title          = "{Search for supersymmetry in hadronic final states with
                        missing transverse energy using the variables $\alpha_T$
                        and b-quark multiplicity in pp collisions at $\sqrt s=8$
                        TeV}",
      collaboration  = "CMS",
      journal        = "Eur.Phys.J.",
      number         = "9",
      volume         = "C73",
      pages          = "2568",
      doi            = "10.1140/epjc/s10052-013-2568-6",
      year           = "2013",
      eprint         = "1303.2985",
      archivePrefix  = "arXiv",
      primaryClass   = "hep-ex",
      reportNumber   = "CMS-SUS-12-028, CERN-PH-EP-2013-037",
      SLACcitation   = "%%CITATION = ARXIV:1303.2985;%%",
}

%%__________________________________________________________________||
%
% alpha_T variable
%

@article{Randall:2008rw,
      author         = "Randall, Lisa and Tucker-Smith, David",
      title          = "{Dijet Searches for Supersymmetry at the LHC}",
      journal        = "Phys.Rev.Lett.",
      volume         = "101",
      pages          = "221803",
      doi            = "10.1103/PhysRevLett.101.221803",
      year           = "2008",
      eprint         = "0806.1049",
      archivePrefix  = "arXiv",
      primaryClass   = "hep-ph",
      SLACcitation   = "%%CITATION = ARXIV:0806.1049;%%",
}


@techreport{CMS:2008vya,
      author         = "{CMS Collaboration}",
      institution   = "CERN",
      title          = "{SUSY searches with dijet events}",
      collaboration  = "CMS",
      month          = "Oct",
      number         = "CMS-PAS-SUS-08-005",
      year           = "2008",
      url            = "http://cds.cern.ch/record/1149915",
      SLACcitation   = "%%CITATION = CMS-PAS-SUS-08-005 ETC.;%%",
}

@techreport{CMS-PAS-SUS-09-001,
      author         = "{CMS Collaboration}",
      title         = "{Search strategy for exclusive multi-jet events from
                       supersymmetry at CMS}",
      institution   = "CERN",
      collaboration = "CMS",
      number        = "CMS-PAS-SUS-09-001",
      month         = "Jul",
      year          = "2009",
      url           = "http://cds.cern.ch/record/1194509",
}

%%__________________________________________________________________||
%
% CMS monojet
%

% EXO-11-003
@article{Chatrchyan:2011nd,
      author         = "{CMS Collaboration}",
      title          = "{Search for New Physics with a Mono-Jet and Missing
                        Transverse Energy in $pp$ Collisions at $\sqrt{s} = 7$
                        TeV}",
      collaboration  = "CMS",
      journal        = "Phys.Rev.Lett.",
      volume         = "107",
      pages          = "201804",
      doi            = "10.1103/PhysRevLett.107.201804",
      year           = "2011",
      eprint         = "1106.4775",
      archivePrefix  = "arXiv",
      primaryClass   = "hep-ex",
      reportNumber   = "CERN-PH-EP-2011-070, CMS-EXO-11-003",
      SLACcitation   = "%%CITATION = ARXIV:1106.4775;%%",
}

% EXO-11-059
@article{Chatrchyan:2012me,
      author         = "{CMS Collaboration}",
      title          = "{Search for dark matter and large extra dimensions in
                        monojet events in $pp$ collisions at $\sqrt{s}=7$ TeV}",
      collaboration  = "CMS",
      journal        = "JHEP",
      volume         = "1209",
      pages          = "094",
      doi            = "10.1007/JHEP09(2012)094",
      year           = "2012",
      eprint         = "1206.5663",
      archivePrefix  = "arXiv",
      primaryClass   = "hep-ex",
      reportNumber   = "CMS-EXO-11-059, CERN-PH-EP-2012-168",
      SLACcitation   = "%%CITATION = ARXIV:1206.5663;%%",
}

% EXO-12-048
@article{Khachatryan:2014rra,
      author         = "{CMS Collaboration}",
      title          = "{Search for dark matter, extra dimensions, and
                        unparticles in monojet events in proton-proton
                        collisions at $\sqrt{s} = 8$ TeV}",
      collaboration  = "CMS",
      journal        = "Eur.Phys.J.",
      number         = "5",
      volume         = "C75",
      pages          = "235",
      doi            = "10.1140/epjc/s10052-015-3451-4",
      year           = "2015",
      eprint         = "1408.3583",
      archivePrefix  = "arXiv",
      primaryClass   = "hep-ex",
      reportNumber   = "CMS-EXO-12-048, CERN-PH-EP-2014-164",
      SLACcitation   = "%%CITATION = ARXIV:1408.3583;%%",
}

%%__________________________________________________________________||
%
% CMS events, exercises, campaigns
%

%PHYS14
@misc{PHYS14,
  author       = {Olsen, J},
  title        = {{Introduction and Goals of PHYS14}},
  howpublished = "\url{https://indico.cern.ch/event/356534/contribution/0}",
  month        = {December},
  year         = {2014},
}

%%__________________________________________________________________||
%
% CMS object reconstruction
%

% Anti-kT
@article{Cacciari:2008gp,
      author         = "Cacciari, Matteo and Salam, Gavin P. and Soyez, Gregory",
      title          = "{The Anti-k(t) jet clustering algorithm}",
      journal        = "JHEP",
      volume         = "0804",
      pages          = "063",
      doi            = "10.1088/1126-6708/2008/04/063",
      year           = "2008",
      eprint         = "0802.1189",
      archivePrefix  = "arXiv",
      primaryClass   = "hep-ph",
      reportNumber   = "LPTHE-07-03",
      SLACcitation   = "%%CITATION = ARXIV:0802.1189;%%",
}

% Particle flow (PF)
@techreport{CMS-PFT-10-002,
      author        = "{CMS Collaboration}",
      collaboration = {CMS},
      title         = "{Commissioning of the Particle-Flow reconstruction in
                       Minimum-Bias and Jet Events from pp Collisions at 7 TeV}",
      url           = "http://cds.cern.ch/record/1279341",
      type          = "CMS Physics Analysis Summary",
      number        = "CMS-PAS-PFT-10-002",
      year          = "2010"
      }

% Photons
@article{CMS-EGM-14-001,
      author         = "{CMS Collaboration}",
      title          = "{Performance of photon reconstruction and identification
                        with the CMS detector in proton-proton collisions at
                        sqrt(s) = 8 TeV}",
      collaboration  = "CMS",
      year           = "2015",
      eprint         = "1502.02702",
      archivePrefix  = "arXiv",
      primaryClass   = "physics.ins-det",
      reportNumber   = "CMS-EGM-14-001, CERN-PH-EP-2015-006",
      SLACcitation   = "%%CITATION = ARXIV:1502.02702;%%",
}

% JEC
@article{Chatrchyan:2011ds,
      author         = "{CMS Collaboration}",
      title          = "{Determination of Jet Energy Calibration and Transverse
                        Momentum Resolution in CMS}",
      collaboration  = "CMS",
      journal        = "JINST",
      volume         = "6",
      pages          = "P11002",
      doi            = "10.1088/1748-0221/6/11/P11002",
      year           = "2011",
      eprint         = "1107.4277",
      archivePrefix  = "arXiv",
      primaryClass   = "physics.ins-det",
      reportNumber   = "CERN-PH-EP-2011-102, CMS-JME-10-011",
      SLACcitation   = "%%CITATION = ARXIV:1107.4277;%%",
}

% MET
@article{Khachatryan:2014gga,
      author         = "{CMS Collaboration}",
      title          = "{Performance of the CMS missing transverse momentum
                        reconstruction in pp data at $\sqrt{s}$ = 8 TeV}",
      collaboration  = "CMS",
      journal        = "JINST",
      number         = "02",
      volume         = "10",
      pages          = "P02006",
      doi            = "10.1088/1748-0221/10/02/P02006",
      year           = "2015",
      eprint         = "1411.0511",
      archivePrefix  = "arXiv",
      primaryClass   = "physics.ins-det",
      reportNumber   = "CMS-JME-13-003, CERN-PH-EP-2014-246",
      SLACcitation   = "%%CITATION = ARXIV:1411.0511;%%",
}

% b-tagging
@article{Chatrchyan:2012jua,
      author         = "{CMS Collaboration}",
      title          = "{Identification of b-quark jets with the CMS experiment}",
      collaboration  = "CMS",
      journal        = "JINST",
      volume         = "8",
      pages          = "P04013",
      doi            = "10.1088/1748-0221/8/04/P04013",
      year           = "2013",
      eprint         = "1211.4462",
      archivePrefix  = "arXiv",
      primaryClass   = "hep-ex",
      reportNumber   = "CMS-BTV-12-001, CERN-PH-EP-2012-262",
      SLACcitation   = "%%CITATION = ARXIV:1211.4462;%%",
}

%%__________________________________________________________________||
%
% Statistics
%

% Asymptotic formulae
@article{AsymptoticFormulae,
      author         = "Cowan, Glen and Cranmer, Kyle and Gross, Eilam and
                        Vitells, Ofer",
      title          = "{Asymptotic formulae for likelihood-based tests of new
                        physics}",
      journal        = "Eur.Phys.J.",
      volume         = "C71",
      pages          = "1554",
      doi            = "10.1140/epjc/s10052-011-1554-0,
                        10.1140/epjc/s10052-013-2501-z",
      year           = "2011",
      eprint         = "1007.1727",
      archivePrefix  = "arXiv",
      primaryClass   = "physics.data-an",
      SLACcitation   = "%%CITATION = ARXIV:1007.1727;%%",
}

% CLs
@article{CLsTechnique,
      author         = "Read, Alexander L.",
      title          = "{Presentation of search results: The CL(s) technique}",
      journal        = "J.Phys.",
      volume         = "G28",
      pages          = "2693-2704",
      doi            = "10.1088/0954-3899/28/10/313",
      year           = "2002",
      SLACcitation   = "%%CITATION = JPAGA,G28,2693;%%",
}

%%__________________________________________________________________||
%
% SUSY theory, pheno, SMS
%

@article{Alwall:2008va,
      author         = "Alwall, Johan and Le, My-Phuong and Lisanti, Mariangela
                        and Wacker, Jay G.",
      title          = "{Model-Independent Jets plus Missing Energy Searches}",
      journal        = "Phys.Rev.",
      volume         = "D79",
      pages          = "015005",
      doi            = "10.1103/PhysRevD.79.015005",
      year           = "2009",
      eprint         = "0809.3264",
      archivePrefix  = "arXiv",
      primaryClass   = "hep-ph",
}

@Article{Alwall:2008ag,
    author    = "Alwall, Johan and Schuster, Philip and Toro, Natalia",
    title     = "{Simplified Models for a First Characterization of New
                 Physics at the LHC}",
    journal   = "Phys. Rev.",
    volume    = "D79",
    year      = "2009",
    pages     = "075020",
    eprint    = "0810.3921",
    archivePrefix = "arXiv",
    primaryClass  =  "hep-ph",
    doi       = "10.1103/PhysRevD.79.075020",
    SLACcitation  = "%%CITATION = 0810.3921;%%"
}

% SMS
@article{Alves:2011wf,
      author         = "Alves, Daniele and others",
      title          = "{Simplified Models for LHC New Physics Searches}",
      collaboration  = "LHC New Physics Working Group",
      journal        = "J.Phys.",
      volume         = "G39",
      pages          = "105005",
      doi            = "10.1088/0954-3899/39/10/105005",
      year           = "2012",
      eprint         = "1105.2838",
      archivePrefix  = "arXiv",
      primaryClass   = "hep-ph",
      reportNumber   = "SLAC-PUB-15045, FERMILAB-PUB-11-842-A-PPD",
      SLACcitation   = "%%CITATION = ARXIV:1105.2838;%%",
}

%%__________________________________________________________________||
%
% Dark matter ATLAS
%

@article{ATLAS:2012ky,
      author         = "ATLAS Collaboration",
      title          = "{Search for dark matter candidates and large extra
                        dimensions in events with a jet and missing transverse
                        momentum with the ATLAS detector}",
      collaboration  = "ATLAS",
      journal        = "JHEP",
      volume         = "1304",
      pages          = "075",
      doi            = "10.1007/JHEP04(2013)075",
      year           = "2013",
      eprint         = "1210.4491",
      archivePrefix  = "arXiv",
      primaryClass   = "hep-ex",
      reportNumber   = "CERN-PH-EP-2012-210",
      SLACcitation   = "%%CITATION = ARXIV:1210.4491;%%",
}

%%__________________________________________________________________||
%
% Dark matter theory, pheno
%

@article{Petriello:2008pu,
      author         = "Petriello, Frank J. and Quackenbush, Seth and Zurek,
                        Kathryn M.",
      title          = "{The Invisible $Z^\prime$ at the CERN LHC}",
      journal        = "Phys.Rev.",
      volume         = "D77",
      pages          = "115020",
      doi            = "10.1103/PhysRevD.77.115020",
      year           = "2008",
      eprint         = "0803.4005",
      archivePrefix  = "arXiv",
      primaryClass   = "hep-ph",
      SLACcitation   = "%%CITATION = ARXIV:0803.4005;%%",
}

@article{Goodman:2010yf,
      author         = "Goodman, Jessica and Ibe, Masahiro and Rajaraman, Arvind
                        and Shepherd, William and Tait, Tim M.P. and others",
      title          = "{Constraints on Light Majorana dark Matter from
                        Colliders}",
      journal        = "Phys.Lett.",
      volume         = "B695",
      pages          = "185-188",
      doi            = "10.1016/j.physletb.2010.11.009",
      year           = "2011",
      eprint         = "1005.1286",
      archivePrefix  = "arXiv",
      primaryClass   = "hep-ph",

}

@Article{Goodman:2010ku,
     author    = "Goodman, Jessica and others",
     title     = "{Constraints on Dark Matter from Colliders}",
     journal   = "Phys. Rev.",
     volume    = "D82",
     year      = "2010",
     pages     = "116010",
     eprint    = "1008.1783",
     archivePrefix = "arXiv",
     primaryClass  =  "hep-ph",
     doi       = "10.1103/PhysRevD.82.116010",
     SLACcitation  = "%%CITATION = 1008.1783;%%"
}

@article{Feng:2011vu,
      author         = "Feng, Jonathan L. and Kumar, Jason and Marfatia, Danny
                        and Sanford, David",
      title          = "{Isospin-Violating Dark Matter}",
      journal        = "Phys.Lett.",
      volume         = "B703",
      pages          = "124-127",
      doi            = "10.1016/j.physletb.2011.07.083",
      year           = "2011",
      eprint         = "1102.4331",
      archivePrefix  = "arXiv",
      primaryClass   = "hep-ph",
      reportNumber   = "UCI-TR-2011-03, UH511-1157-2011",
      SLACcitation   = "%%CITATION = ARXIV:1102.4331;%%",
}

@article{Fox:2011fx,
      author         = "Fox, Patrick J. and Harnik, Roni and Kopp, Joachim and
                        Tsai, Yuhsin",
      title          = "{LEP Shines Light on Dark Matter}",
      journal        = "Phys.Rev.",
      volume         = "D84",
      pages          = "014028",
      doi            = "10.1103/PhysRevD.84.014028",
      year           = "2011",
      eprint         = "1103.0240",
      archivePrefix  = "arXiv",
      primaryClass   = "hep-ph",
      reportNumber   = "FERMILAB-PUB-11-039-T",
      SLACcitation   = "%%CITATION = ARXIV:1103.0240;%%",
}

@article{Fox:2011pm,
      author         = "Fox, Patrick J. and Harnik, Roni and Kopp, Joachim and
                        Tsai, Yuhsin",
      title          = "{Missing Energy Signatures of Dark Matter at the LHC}",
      journal        = "Phys.Rev.",
      volume         = "D85",
      pages          = "056011",
      doi            = "10.1103/PhysRevD.85.056011",
      year           = "2012",
      eprint         = "1109.4398",
      archivePrefix  = "arXiv",
      primaryClass   = "hep-ph",
      reportNumber   = "FERMILAB-PUB-11-478-T",
      SLACcitation   = "%%CITATION = ARXIV:1109.4398;%%",
}

@article{Lin:2013sca,
      author         = "Lin, Tongyan and Kolb, Edward W. and Wang, Lian-Tao",
      title          = "{Probing dark matter couplings to top and bottom quarks
                        at the LHC}",
      journal        = "Phys.Rev.",
      number         = "6",
      volume         = "D88",
      pages          = "063510",
      doi            = "10.1103/PhysRevD.88.063510",
      year           = "2013",
      eprint         = "1303.6638",
      archivePrefix  = "arXiv",
      primaryClass   = "hep-ph",
      SLACcitation   = "%%CITATION = ARXIV:1303.6638;%%",
}

@article{Bauer:2013ihz,
      author         = "Bauer, Daniel and Buckley, James and Cahill-Rowley,
                        Matthew and Cotta, Randel and Drlica-Wagner, Alex and
                        others",
      title          = "{Dark Matter in the Coming Decade: Complementary Paths to
                        Discovery and Beyond}",
      year           = "2013",
      eprint         = "1305.1605",
      archivePrefix  = "arXiv",
      primaryClass   = "hep-ph",
      reportNumber   = "FERMILAB-CONF-13-166-A-AE",
      SLACcitation   = "%%CITATION = ARXIV:1305.1605;%%",
}

@article{Artoni:2013zba,
      author         = "Artoni, Giacomo and Lin, Tongyan and Penning, Bjoern and
                        Sciolla, Gabriella and Venturini, Alessio",
      title          = "{Prospects for collider searches for dark matter with
                        heavy quarks}",
      year           = "2013",
      eprint         = "1307.7834",
      archivePrefix  = "arXiv",
      primaryClass   = "hep-ex",
      SLACcitation   = "%%CITATION = ARXIV:1307.7834;%%",
}

@article{Buckley:2014fba,
      author         = "Buckley, Matthew R. and Feld, David and Goncalves,
                        Dorival",
      title          = "{Scalar Simplified Models for Dark Matter}",
      journal        = "Phys.Rev.",
      volume         = "D91",
      pages          = "015017",
      doi            = "10.1103/PhysRevD.91.015017",
      year           = "2015",
      eprint         = "1410.6497",
      archivePrefix  = "arXiv",
      primaryClass   = "hep-ph",
      reportNumber   = "IPPP-14-92, DCPT-14-184",
      SLACcitation   = "%%CITATION = ARXIV:1410.6497;%%",
}

@article{Buchmueller:2014yoa,
      author         = "Buchmueller, Oliver and Dolan, Matthew J. and Malik,
                        Sarah A. and McCabe, Christopher",
      title          = "{Characterising dark matter searches at colliders and
                        direct detection experiments: Vector mediators}",
      journal        = "JHEP",
      volume         = "1501",
      pages          = "037",
      doi            = "10.1007/JHEP01(2015)037",
      year           = "2015",
      eprint         = "1407.8257",
      archivePrefix  = "arXiv",
      primaryClass   = "hep-ph",
      reportNumber   = "IPPP-14-68, DCPT-14-136, SLAC-PUB-16033",
      SLACcitation   = "%%CITATION = ARXIV:1407.8257;%%",
}

%%__________________________________________________________________||
%
% unsorted
%



@Article{Sjostrand:2006za,
      author         = "Sj{\"o}strand, Torbj{\"o}rn and Mrenna, Stephen and Skands, Peter",
      title          = "{PYTHIA} 6.4 physics and manual",
      journal        = "JHEP",
      volume         = "05",
      pages          = "026",
      doi            = "10.1088/1126-6708/2006/05/026",
      year           = "2006",
      eprint         = "hep-ph/0603175",
      archivePrefix  = "arXiv",
      primaryClass   = "hep-ph",
      reportNumber   = "FERMILAB-PUB-06-052-CD-T, LU-TP-06-13",
      SLACcitation   = "%%CITATION = HEP-PH/0603175;%%",
}

@misc{cousins-log-normal,
     author    = "Cousins, Robert",
     title     = "{Probability Density Functions for Positive Nuisance Parameters}",
  howpublished = "\url{http://www.physics.ucla.edu/~cousins/stats/cousins_lognormal_prior.pdf}"
}

@article{Bern:2011pa,
      author         = "Bern, Z. and Diana, G. and Dixon, L.J. and Febres
                        Cordero, F. and Hoche, S. and others",
      title          = "{Driving Missing Data at Next-to-Leading Order}",
      journal        = "Phys.Rev.",
      volume         = "D84",
      pages          = "114002",
      doi            = "10.1103/PhysRevD.84.114002",
      year           = "2011",
      eprint         = "1106.1423",
      archivePrefix  = "arXiv",
      primaryClass   = "hep-ph",
      reportNumber   = "SLAC-PUB-14472, UCLA-11-TEP-106, CERN-PH-TH-2011-125,
                        IPHT-T11-146, IPPP-11-29, NSF-KITP-11-093, SB-F-387-11",
      SLACcitation   = "%%CITATION = ARXIV:1106.1423;%%",
}

@techreport{CMS-PAS-SUS-08-002,
      title         = "{Data-Driven Estimation of the Invisible Z Background to
                       the SUSY MET Plus Jets Search}",
      institution   = "CERN",
      collaboration = "CMS Collaboration",
      address       = "2009. Geneva",
      number        = "CMS-PAS-SUS-08-002",
      month         = "Jan",
      year          = "2009",
}

@article{Abercrombie:2015wmb,
      author         = "Abercrombie, Daniel and Akchurin, Nural and Akilli, Ece
                        and Alcaraz Maestre, Juan and Allen, Brandon and others",
      title          = "{Dark Matter Benchmark Models for Early LHC Run-2
                        Searches: Report of the ATLAS/CMS Dark Matter Forum}",
      year           = "2015",
      eprint         = "1507.00966",
      archivePrefix  = "arXiv",
      primaryClass   = "hep-ex",
      reportNumber   = "FERMILAB-PUB-15-282-CD",
      SLACcitation   = "%%CITATION = ARXIV:1507.00966;%%",
}
@book{cohen2013applied,
    title={Applied multiple regression/correlation analysis for the behavioral sciences},
      author={Cohen, Jacob and Cohen, Patricia and West, Stephen G and Aiken, Leona S},
        year={2013},
	  publisher={Routledge}
}

@article{WPol,
      author         = "Bern, Z. and others",
      title          = "{Left-Handed W Bosons at the LHC}",
      journal        = "Phys. Rev.",
      volume         = "D84",
      year           = "2011",
      pages          = "034008",
      doi            = "10.1103/PhysRevD.84.034008",
      eprint         = "1103.5445",
      archivePrefix  = "arXiv",
      primaryClass   = "hep-ph",
      reportNumber   = "SLAC-PUB-14409, CERN-PH-TH-2011-062, UCLA-11-TEP-10,
                        SB-F-386-11, NIKHEF-2011-006, SACLAY-IPHT-T11-040,
                        IPPP-11-15, , --NIKHEF-2011-006",
      SLACcitation   = "%%CITATION = ARXIV:1103.5445;%%"
}

--- COMMENTS may be placed outside the @ENTRYTYPE{ ... } stuctures
--- CMS guidelines
---- Every journal article citation should include the DOI, assuming one exists.
---- All URLs for CMS notes, ANs, etc, should refer to the CDS server, not the CMS server. Use our standard format for them, as shown below.
----  CMS Notes not available on CDS are regarded as private and may not be cited.
----  CMS physics papers (i.e., those intended for publication in journals) may reference only POG PASs, not PAG PASs.
---- For papers by collaborations, list the collaboration in the COLLABOROATION field and put the first author and "and others" in the AUTHOR field.
----  If only the collaboration is listed as the author, put "{XXX Collaboration}" under AUTHOR.
----  Note that we automatically replace the AUTHOR field with the collaboration name for ATLAS, CMS, LHCb, and ATLAS at submission time.
---- Other items:
----   PAGES: Please only list the first page, not the range.
----   ISSUE: Please do not include in most cases.
----   URL: Do not include this field if a DOI is available.
---- Number of authors to list:
----   PRL requests that we include all authors up to fifteen except for large collaborations, and we take this as our internal guide as well. If there
----   are more than fifteen, just list the first author + "and others", as above.
----   The individual journal bib style file (theirs, ours, PLB, etc.) will truncate at the appropriate point. We have ours set to _1_ for more than four.
---- Use only the URL field instead of embedding an href (this is a change in our practice).
---- A reference only published on the arXiv should be listed as UNPUBLISHED (with a note "Submitted to XXX" for large collaboration papers).
----   Experimental papers only on the arXiv and not submitted for publication may not be cited.
---- Some journals will lowercase the title: use {} to protect words which must be capitalized, e.g., {LHC}, {TeV}, {CERN}, {CMS}.
----  Do not escape the entire title as it will then clash with the journal style.
---- Journal names: the journals generally include the series in the journal name, "Physical Review D", vol 5, rather than PR D5

@article{single-lepton-stop,
year={2013},
journal={Eur. Phys. J. C},
pages={2677},
volume={73},
doi={10.1140/epjc/s10052-013-2677-2},
title={Search for top-squark pair production in the single-lepton final state in pp collisions at $\sqrt{s}=8\ \mathrm{TeV}$},
url={http://dx.doi.org/10.1140/epjc/s10052-013-2677-2},
author={Chatrchyan, S. and others},
}

@article{CMS-PAS-BTV-12-001,
     AUTHOR = "Chatrchyan, S. and others",
     collaboration = "CMS",
  title={Identification of b-quark jets with the CMS experiment},
  journal={JINST},
  volume={8},
  pages={P04013},
  year={2013},
doi="10.1088/1748-0221/8/04/P04013"
}

@article{PAS-MUO-10-004,
     AUTHOR = "S. Chatrcyhan and others",
     collaboration = "CMS",
     title     = "Performance of CMS muon reconstruction in pp collision events at $\sqrt{s} = 7\TeV$",
  journal={JINST},
  volume={7},
  pages={P10002},
  doi={10.1088/1748-0221/7/10/P10002},
  year={2012},
}

@Article{ref:barbierinsusy,
     author = {Barbieri, R. and Pappadopulo, D.},
     title = {S-particles at their naturalness limits},
     journal = {JHEP},
  volume={10},
  pages={061},
  url={http://stacks.iop.org/1126-6708/2009/i=10/a=061},
  year={2009},
     doi = {10.1088/1126-6708/2009/10/061},
}

@Techreport{lumi,
     AUTHOR = "{CMS Collaboration}",
     COLLABORATION = "CMS",
     TITLE = "CMS Luminosity Based on Pixel Cluster Counting - Summer 2012 Update",
     TYPE = "CMS Physics Analysis Summary",
     NUMBER = "CMS-PAS-LUM-12-001",
     URL = "http://cdsweb.cern.ch/record/1482193",
     YEAR = "2012",
}rticle{PhysRevLett.102.111802,
  title = {Threshold Resummation for Squark-Antisquark and Gluino-Pair Production at the LHC},
  author = {Kulesza, A. and Motyka, L.},
  journal = {Phys. Rev. Lett.},
  volume = {102},
  pages = {111802},
  year = {2009},
  doi = {10.1103/PhysRevLett.102.111802},
}

@article{PhysRevD.80.095004,
  title = {Soft gluon resummation for the production of gluino-gluino and squark-antisquark pairs at the LHC},
  author = {Kulesza, A. and Motyka, L.},
  journal = {Phys. Rev. D},
  volume = {80},
  pages = {095004},
  year = {2009},
  doi = {10.1103/PhysRevD.80.095004},
}

@article{1126-6708-2009-12-041,
  author={Beenakker, W. and Brensing, S. and Kr{\"a}mer, M. and Kulesza, A. and Laenen, E. and Niessen, I.},
  title={Soft-gluon resummation for squark and gluino hadroproduction},
  journal={JHEP},
  volume={09},
  pages={041},
  year={2009},
  doi = {10.1088/1126-6708/2009/12/041},
}

@article{doi:10.1142/S0217751X11053560,
author = {Beenakker, W. and Brensing, S. and Kr{\"a}mer. M. and Kulesza, A. and Laenen, E. and Motyka, L. and Niessen, I.},
title = {Squark and gluino hadroproduction},
journal = {Int. J. Mod. Phys. A},
volume = {26},
pages = {2637},
year = {2011},
doi = {10.1142/S0217751X11053560},
}

@Unpublished{susy-nlo-nll,
     author    = {Michael Kr{\"a}mer and Anna Kulesza and Robin van der Leeuw and Michelangelo Mangano and Sanjay Padhi and Tilman Plehn and Xavier Portell},
     title     = {Supersymmetry production cross sections in pp collisions at $\sqrt{s} = 7$~TeV},
     eprint    = "1206.2892",
     year = "2012",
     archivePrefix = "arXiv",
}

@article{junk,
title = "Confidence level computation for combining searches with small statistics",
journal = "Nucl. Instr. and Meth. A",
volume = "434",
pages = "435",
year = "1999",
doi = "10.1016/S0168-9002(99)00498-2",
author = "Junk, T",
}

@article{read,
  author={Read, A. L.},
  title={Presentation of search results: the $CL_s$ technique},
  journal={J. Phys. G},
  volume={28},
  pages={2693},
  doi={10.1088/0954-3899/28/10/313},
  year={2002},
}

@article{Cowan:2010js,
      author         = "Glen Cowan and Kyle Cranmer and Eilam Gross and Ofer Vitells",
      title          = "{Asymptotic formulae for likelihood-based tests of new
                        physics}",
      journal        = "Eur. Phys. J. C",
      volume         = "71",
      pages          = "1554",
      doi            = "10.1140/epjc/s10052-011-1554-0",
      year           = "2011",
}

@Article{Pumplin:2002vw,
     author    = "Jonathan Pumplin and Daniel Robert Stump and Joey Huston and Hung-Liang Lai and Pavel Nadolsky and Wu-Ki Tung",
     title     = "{New generation of parton distributions with uncertainties
                  from global QCD analysis}",
     journal   = "JHEP",
     volume    = "07",
     year      = "2002",
     pages     = "012",
     doi={10.1088/1126-6708/2002/07/012},
}

@Article{powheg,
     author    = "Frixione, S. and Nason, P. and Oleari, C.",
     title     = "{Matching NLO QCD computations with parton shower
                  simulations: the POWHEG method}",
     journal   = "JHEP",
     volume    = "11",
     year      = "2007",
     pages     = "070",
     doi = "10.1088/1126-6708/2007/11/070"
}

@Article{geant,
     author    = "Agostinelli, S. and others",
     title     = "{GEANT4 --- a simulation toolkit}",
     journal   = "Nucl. Instr. and Meth. A",
     volume    = "506",
     year      = "2003",
     pages     = "250",
     doi = "10.1016/S0168-9002(03)01368-8"
}

@TECHREPORT{CMS-PAS-PFT-09-001,
      AUTHOR      = "{CMS Collaboration}",
      COLLABORATION = "CMS",
      TITLE       = "Particle--Flow Event Reconstruction in {CMS} and Performance for Jets, Taus, and {\MET}",
      URL         = "http://cdsweb.cern.ch/record/1194487",
      TYPE        = "CMS Physics Analysis Summary",
      NUMBER      = "CMS-PAS-PFT-09-001",
      YEAR        = "2009"
}

@TECHREPORT{CMS-PAS-PFT-10-001,
      AUTHOR      = "{CMS Collaboration}",
      COLLABORATION = "CMS",
      TITLE       = "Commissioning of the particle-flow event reconstruction with the first {LHC} collisions recorded in the {CMS} detector",
      URL         = "http://cdsweb.cern.ch/record/1247373",
      TYPE        = "CMS Physics Analysis Summary",
      NUMBER      = "CMS-PAS-PFT-10-001",
      YEAR        = "2010"
}

@article{cms-met,
  author = "Chatrchyan, S. and others",
  collaboration={CMS},
  title={Missing transverse energy performance of the CMS detector},
  journal={JINST},
  volume={6},
  pages={P09001},
  year={2011},
  doi={10.1088/1748-0221/6/09/P09001}
}

@article{RA1Paper2012,
     author = "Chatrchyan, S. and others",
     collaboration = "CMS",
     title = "Search for supersymmetry in hadronic final states with
                  missing transverse energy using the variables
                  \alphat and b-quark multiplicity in pp collisions at
                  $\sqrt{s} = 8\TeV$",
year={2013},
journal={EPJC},
volume={01},
pages={077},
doi={10.1007/JHEP01(2013)077},
}

@article{RA1Paper2011FULL,
author = "Chatrchyan, S. and others",
collaboration = "CMS",
title     = "Search for supersymmetery in final states with
                  missing transverse energy and 0, 1, 2, or $\ge$3
                  b-quark jets in 7 TeV pp collisions using the
                  \alphat variable",
year={2013},
journal={JHEP},
volume={01},
pages={077},
doi={10.1007/JHEP01(2013)077},
}

@article{RA1Paper2011,
  collaboration = {CMS},
  author = {Chatrchyan, S. and others},
  volume = {107},
  journal = {Phys. Rev. Lett.},
  title = {Search for Supersymmetry at the LHC in Events with Jets and Missing Transverse Energy},
  year = {2011},
  doi = {10.1103/PhysRevLett.107.221804},
  pages = {221804},
}

@Article{RA1Paper,
     author    = "Khachatryan, V. and others",
 collaboration = "CMS",
     title     = "{Search for Supersymmetry in pp Collisions at 7 TeV in Events with Jets and Missing Transverse Energy}",
     journal   = "Phys. Lett. B",
     volume    = "698",
     year      = "2011",
     pages     = "196",
     doi       = "10.1016/j.physletb.2011.03.021",
     SLACcitation  = "%%CITATION = 1101.1628;%%",
}

@article{cms-1,
  title = {Search for supersymmetry in events with $b$-quark jets and missing transverse energy in $pp$ collisions at 7 TeV},
  author = {Chatrchyan, S. and others},
  collaboration = {CMS},
  journal = {Phys. Rev. D},
  year = {2012},
  volume = {86},
  pages = {072010},
  doi = {10.1103/PhysRevD.86.072010},
}

@article{cms-2,
title={Search for supersymmetry in hadronic final states using $M_{\text{T2}}$ in pp collisions at $\sqrt{s} = 7$~TeV},
collaboration = {CMS},
author={Chatrchyan, S. and others},
journal={JHEP},
year={2012},
volume={10},
pages={018},
doi={10.1007/JHEP10(2012)018},
}

@article{cms-3,
  title = {Search for New Physics in the Multijet and Missing Transverse Momentum Final State in Proton-Proton Collisions at $\sqrt{s} = 7$~TeV},
  author = {Chatrchyan, S. and others},
  collaboration = {CMS},
  journal = {Phys. Rev. Lett.},
  volume = {109},
  pages = {171803},
  numpages = {16},
  year = {2012},
  doi = {10.1103/PhysRevLett.109.171803},
}

@article{cms-4,
  author = {Chatrchyan, S. and others},
title = {Inclusive search for squarks and gluinos in pp collisions at $\sqrt{s} = 7$ TeV},
  collaboration = {CMS},
  journal = {Phys. Rev. D},
  volume = {85},
  pages = {012004},
  year = {2012},
  doi = {10.1103/PhysRevD.85.012004},
}

@article{cms-5,
  author = {Khachatryan, V. and others},
  title = {Search for supersymmetry using razor variables in events with $b$-tagged jets in $pp$ collisions at $\sqrt{s}=8\text{\,}\text{\,}\mathrm{TeV}$},
  collaboration = {CMS},
  journal = {Phys. Rev. D},
  volume = {91},
  issue = {5},
  pages = {052018},
  year = {2015},
  doi = {10.1103/PhysRevD.91.052018},
  url = {http://link.aps.org/doi/10.1103/PhysRevD.91.052018}
}

@article{cms-6,
 author={Chatrchyan, S. and others},
 title={Search for new physics in the multijet and missing transverse momentum final state in proton-proton collisions at $\sqrt{s} = $8 TeV},
 collaboration = {CMS},
 year={2014},
 journal={JHEP},
 volume={06},
 pages={055},
 doi={10.1007/JHEP06(2014)055},
 url={http://dx.doi.org/10.1007/JHEP06%282014%29055},
}

@article{cms-7,
 author = "Chatrchyan, S. and others",
 title = "Search for gluino mediated bottom- and top-squark production in multijet final states in pp collisions at 8 TeV ",
 collaboration = {CMS},
 journal = "Phys. Lett. B",
 volume = "725",
 pages = "243",
 year = "2013",
 doi = "http://dx.doi.org/10.1016/j.physletb.2013.06.058",
 url = "http://www.sciencedirect.com/science/article/pii/S0370269313005339",
}

@article{cms-8,
      author         = "Chatrchyan, Serguei and others",
      title          = "{Search for supersymmetry with razor variables in pp
                        collisions at $\sqrt{s}$=7 TeV}",
      collaboration  = "CMS",
      journal        = "Phys. Rev.",
      volume         = "D90",
      year           = "2014",
      number         = "11",
      pages          = "112001",
      doi            = "10.1103/PhysRevD.90.112001",
      eprint         = "1405.3961",
      archivePrefix  = "arXiv",
      primaryClass   = "hep-ex",
      reportNumber   = "CMS-SUS-12-005, CERN-PH-EP-2014-057",
      SLACcitation   = "%%CITATION = ARXIV:1405.3961;%%"
}

@article{cms-9,
      author         = "Khachatryan, Vardan and others",
      title          = "{Searches for third-generation squark production in fully
                        hadronic final states in proton-proton collisions at $
                        \sqrt{s} = 8$ TeV}",
      collaboration  = "CMS",
      journal        = "JHEP",
      volume         = "06",
      year           = "2015",
      pages          = "116",
      doi            = "10.1007/JHEP06(2015)116",
      eprint         = "1503.08037",
      archivePrefix  = "arXiv",
      primaryClass   = "hep-ex",
      reportNumber   = "CMS-SUS-14-001, CERN-PH-EP-2015-055",
      SLACcitation   = "%%CITATION = ARXIV:1503.08037;%%"
}

@article{cms-10,
      author         = "Khachatryan, Vardan and others",
      title          = "{Searches for supersymmetry using the M$_{T2}$ variable
                        in hadronic events produced in pp collisions at 8 TeV}",
      collaboration  = "CMS",
      journal        = "JHEP",
      volume         = "05",
      year           = "2015",
      pages          = "078",
      doi            = "10.1007/JHEP05(2015)078",
      eprint         = "1502.04358",
      archivePrefix  = "arXiv",
      primaryClass   = "hep-ex",
      reportNumber   = "CMS-SUS-13-019, CERN-PH-EP-2015-017",
      SLACcitation   = "%%CITATION = ARXIV:1502.04358;%%"
}

@article{cms-11,
      author         = "Chatrchyan, Serguei and others",
      title          = "{Inclusive search for supersymmetry using the razor
                        variables in $pp$ collisions at $\sqrt{s}=7$ TeV}",
      collaboration  = "CMS",
      journal        = "Phys. Rev. Lett.",
      volume         = "111",
      year           = "2013",
      number         = "8",
      pages          = "081802",
      doi            = "10.1103/PhysRevLett.111.081802",
      eprint         = "1212.6961",
      archivePrefix  = "arXiv",
      primaryClass   = "hep-ex",
      reportNumber   = "CMS-SUS-11-024, CERN-PH-EP-2012-332",
      SLACcitation   = "%%CITATION = ARXIV:1212.6961;%%"
}

@article{atlas-0,
 AUTHOR = "Aad, G. and others",
 collaboration = "ATLAS",
 year={2013},
 title={Multi-channel search for squarks and gluinos in $\sqrt{s} = 7\TeV$ pp collisions with the ATLAS detector at the LHC},
 journal={Eur. Phys. J. C},
 volume={73},
 pages={2362},
 doi={10.1140/epjc/s10052-013-2362-5},
}

@article{atlas-1,
  title = {Search for a Supersymmetric Partner to the Top Quark in Final States with Jets and Missing Transverse Momentum at $\sqrt{s}=7\TeV$ with the ATLAS Detector},
     AUTHOR = "Aad, G. and others",
     collaboration = "ATLAS",
  journal = {Phys. Rev. Lett.},
  volume = {109},
  pages = {211802},
  year = {2012},
  doi = {10.1103/PhysRevLett.109.211802},
}

@article{atlas-2,
title = "Search for squarks and gluinos using final states with jets
                  and missing transverse momentum with the ATLAS
                  detector in proton-proton collisions",
collaboration = {ATLAS},
author = "Aad, G. and others",
journal = "Phys. Lett. B",
year = "2012",
volume = "710",
pages = "67",
doi = "10.1016/j.physletb.2012.02.051",
}

@article{atlas-3,
     AUTHOR = "Aad, G. and others",
     collaboration = {ATLAS},
title={Search for top and bottom squarks from gluino pair production
                  in final states with missing transverse energy and
                  at least three b-jets with the ATLAS detector},
year={2012},
journal={Eur. Phys. J. C},
volume={72},
pages={2174},
doi={10.1140/epjc/s10052-012-2174-z},
}

@article {atlas-4,
  collaboration = {ATLAS},
  author = "Aad, G. and others",
   title = {Hunt for new phenomena using large jet multiplicities and
                  missing transverse momentum with ATLAS in $4.7$~fb$^{-1}$
                  of $\sqrt{s} = 7~\text{TeV}$ proton-proton collisions},
   journal = {JHEP},
   year = {2012},
   volume = {07},
   pages = {167},
   doi = {10.1007/JHEP07(2012)167},
}

@article{atlas-5,
  title = {Search for Scalar Bottom Quark Pair Production with the
                  ATLAS Detector in $pp$ Collisions at $\sqrt{s}$ = 7
                  TeV},
  author = {Aad, G. and others},
  collaboration = {ATLAS},
  journal = {Phys. Rev. Lett.},
  year = {2012},
  volume = {108},
  pages = {181802},
  numpages = {18},
  doi = {10.1103/PhysRevLett.108.181802},
}

@article{atlas-6,
  author = {Aad, G. and others},
  title = {Search for pair-produced third-generation squarks decaying
                  via charm quarks or in compressed supersymmetric
                  scenarios in $pp$ collisions at
                  $\sqrt{s}=8\text{\,}\text{\,}\mathrm{TeV}$ with the
                  ATLAS detector},
  collaboration = {ATLAS},
  journal = {Phys. Rev. D},
  volume = {90},
  year = {2014},
  pages = {052008},
  doi = {10.1103/PhysRevD.90.052008},
  url = {http://link.aps.org/doi/10.1103/PhysRevD.90.052008}
}

@article{atlas-7,
author={Aad, G. and others},
title={Search for strong production of supersymmetric particles in
                  final states with missing transverse momentum and at
                  least three b-jets at $\sqrt{s} = 8$ TeV
                  proton-proton collisions with the ATLAS detector},
collaboration = {ATLAS},
year={2014},
journal={JHEP},
volume={2014},
number={10},
doi={10.1007/JHEP10(2014)024},
url={http://dx.doi.org/10.1007/JHEP10%282014%29024},
}

@article{atlas-8,
author={Aad, G. and others},
title={Search for squarks and gluinos with the ATLAS detector in final
                  states with jets and missing transverse momentum
                  using $\sqrt{s} = 8$ TeV proton-proton collision
                  data},
year={2014},
collaboration = {ATLAS},
journal={JHEP},
volume={09},
pages={176},
doi={10.1007/JHEP09(2014)176},
url={http://dx.doi.org/10.1007/JHEP09%282014%29176},
keywords={Hadron-Hadron Scattering; Supersymmetry},
}

@article{atlas-9,
author={Aad, G. others},
title={Search for direct third-generation squark pair production in
                  final states with missing transverse momentum and
                  two b-jets in $\sqrt{s}=8$ TeV pp collisions with
                  the ATLAS detector},
year={2013},
collaboration = {ATLAS},
journal={JHEP},
volume={10},
pages={189},
doi={10.1007/JHEP10(2013)189},
url={http://dx.doi.org/10.1007/JHEP10%282013%29189},
}

@article{atlas-10,
      author         = "Aad, Georges and others",
      title          = "{Search for direct pair production of the top squark in
                        all-hadronic final states in proton-proton collisions at
                        $\sqrt{s}=8$ TeV with the ATLAS detector}",
      collaboration  = "ATLAS",
      journal        = "JHEP",
      volume         = "09",
      year           = "2014",
      pages          = "015",
      doi            = "10.1007/JHEP09(2014)015",
      eprint         = "1406.1122",
      archivePrefix  = "arXiv",
      primaryClass   = "hep-ex",
      reportNumber   = "CERN-PH-EP-2014-112",
      SLACcitation   = "%%CITATION = ARXIV:1406.1122;%%"
}

@article{atlas-11,
      author         = "Aad, Georges and others",
      title          = "{Search for new phenomena in final states with large jet
                        multiplicities and missing transverse momentum using
                        $\sqrt{s}=7$ TeV $pp$ collisions with the ATLAS detector}",
      collaboration  = "ATLAS",
      journal        = "JHEP",
      volume         = "11",
      year           = "2011",
      pages          = "099",
      doi            = "10.1007/JHEP11(2011)099",
      eprint         = "1110.2299",
      archivePrefix  = "arXiv",
      primaryClass   = "hep-ex",
      reportNumber   = "CERN-PH-EP-2011-155",
      SLACcitation   = "%%CITATION = ARXIV:1110.2299;%%"
}

@Article{Alwall:2008ag,
    author    = "Alwall, Johan and Schuster, Philip and Toro, Natalia",
    title     = "{Simplified Models for a First Characterization of New
                 Physics at the LHC}",
    journal   = "Phys. Rev. D",
    volume    = "79",
    year      = "2009",
    pages     = "075020",
    doi       = "10.1103/PhysRevD.79.075020",
    SLACcitation  = "%%CITATION = 0810.3921;%%"
}

@article{Alwall:2008va,
      author         = "Johan Alwall and My-Phuong Le and Mariangela Lisanti and Jay G. Wacker ",
      title          = "Model-independent jets plus missing energy searches",
      journal        = "Phys. Rev. D",
      volume         = "79",
      pages          = "015005",
      doi            = "10.1103/PhysRevD.79.015005",
      year           = "2009",
}

@Article{sms,
     author = "Alves, D. and  others",
     title     = "Simplified models for LHC new physics searches",
     journal   = "J. Phys. G",
     volume    = "39",
     year      = "2012",
     pages     = "105005",
     doi       = "10.1088/0954-3899/39/10/105005"
}

@article{ref:atlashiggsdiscovery,
title = "Observation of a new particle in the search for the Standard Model Higgs boson with the ATLAS detector at the LHC",
journal = "Phys. Lett. B",
volume = "716",
pages = "1",
year = "2012",
issn = "0370-2693",
doi = "10.1016/j.physletb.2012.08.020",
collaboration = "ATLAS",
author = "Aad, G. and others"
}

@article{ref:cmshiggsdiscovery,
title = "Observation of a new boson at a mass of 125 GeV with the CMS experiment at the LHC",
journal = "Phys. Lett. B",
volume = "716",
pages = "30",
year = "2012",
issn = "0370-2693",
doi = "10.1016/j.physletb.2012.08.021",
collaboration = "CMS",
author = "Chatrchyan, S. and others"
}

@ARTICLE{ref:CMS,
     author = {Chatrchyan, S. and others},
     collaboration = "CMS",
     TITLE        = "The {CMS} experiment at the {CERN LHC}",
     JOURNAL      = "JINST",
     VOLUME       = "03",
     YEAR         = "2008",
     pages        = "S08004",
    doi          = "10.1088/1748-0221/3/08/S08004"}
@Article{ref:SUSY-1,
     author    = "Gol'fand, Yu. A. and Likhtman, E. P.",
     title     = "Extension of the Algebra of {Poincar\'e} Group Generators and
                  Violation of p Invariance",
     journal   = "JETP Lett.",
     volume    = "13",
     year      = "1971",
     pages     = "323",
     url       = "http://www.jetpletters.ac.ru/ps/1584/article_24309.shtml"
     }
@ARTICLE{ref:SUSY0,
     AUTHOR       = "J. Wess and B. Zumino",
     TITLE        = "Supergauge transformations in four dimensions",
     JOURNAL      = "Nucl. Phys. B",
     VOLUME       = "70",
     YEAR         = "1974",
     pages        = "39",
     doi=       = "75",
     doi2,
     AUTHOR       = "S. Dimopoulos and H. Georgi",
     TITLE        = "Softly Broken Supersymmetry and {SU(5)}",
     JOURNAL      = "Nucl. Phys. B",
     VOLUME       = "193",
     YEAR         = "1981",
     pages        = "150",
     doior = {Arnowitt, R. and Nath, P},
  journal = {Phys. Rev. Lett.},
  volume = {69},
  pages = {725},
  numpages = {3},
  year = {1992},
  doi = {10.1103/PhysRevLett.69.725},
  publisher = {American Physical Society}
}

@Article{ref:CMSSM,
     author    = "Kane, Gordon L. and others",
     title     = "Study of constrained minimal supersymmetry",
     journal   = "Phys. Rev. D",
     volume    = "49",
     year      = "1994",
     pages     = "6173",
     doi       = "10.1103/PhysRevD.49.6173"
}

@Article{Farrar:1978xj,
     author    = "Farrar, Glennys R. and Fayet, Pierre",
     title     = "Phenomenology of the Production, Decay, and Detection of
                  New Hadronic States Associated with Supersymmetry",
     journal   = "Phys. Lett. B",
     volume    = "76",
     year      = "1978",
     pages     = "575",
     doi       = "10.1016/0370-2693(78)90858-4"
}
@article{CDFLimits,
      author         = "Aaltonen, T. and others",
      title          = "Inclusive Search for Squark and Gluino Production in $p{\bar p}$ Collisions at $\sqrt{s} = 1.96$ {TeV}",
      collaboration  = "CDF",
      journal        = "Phys. Rev. Lett.",
      volume         = "102",
      pages          = "121801",
      doi            = "10.1103/PhysRevLett.102.121801",
      year           = "2009",
}
@Article{CDFtrileptons,
 title = {Search for Supersymmetry in $p\bar{p}$ Collisions at $\sqrt{s}=1.96$ {TeV} using the Trilepton Signature for Chargino-Neutralino Production},
  collaboration = {CDF},
  author = "Aaltonen, T. and others",
  journal = {Phys. Rev. Lett.},
  volume = {101},
  pages = {251801},
  year = {2008},
  doi = {10.1103/PhysRevLett.101.251801}
}
@Article{D0Limits,
",
",
     year      = "1987",
     pages     = "613",
     doi       = "10.1016/0370-2693(87)91583-8"
}
@Article{HERALimits1,
     author    = "Chekanov, S. and others",
     collaboration = "ZEUS",
     title     = "Search for stop production in {R}-parity-violating supersymmetry at {HERA}",
     journal   = "Eur. Phys. J. C",
     volume    = "50",
     year      = "2007",
     pages     = "269",
     doi       = "10.1140/epjc/s10052-007-0240-8"
}
@Article{HERALimits2,
     author    = "Aid, S. and others",
     collaboration = "H1",
     title     = "A search for selectrons and squarks at {HERA}",
     journal   = "Phys. Lett. B",
     volume    = "380",
     year      = "1996",
     pages     = "461",
     doi       = "10.1016/0370-2693(96)00640-5"
}
@UNPUBLISHED{LEPLimits,
= "\mbox{https://twiki.cern.ch/twiki/bin/view/CMS/SusyPatLayer1DefV9}"
}

@misc{globaltagstwiki,
 note = "\mbox{https://twiki.cern.ch/twiki/bin/view/CMS/SWGuideFrontierConditions}"
}

@misc{jetenergytwiki,
 note = "\mbox{https://twiki.cern.ch/twiki/bin/view/CMS/WorkBook210JetAnalysis\#Jec900GeV}"
}

@misc{meticheptwiki,
 note = "\mbox{https://twiki.cern.ch/twiki/bin/viewauth/CMS/METichepPAS2}"
}

@misc{DijetAN,
 note = "Jet Commissioning using Di-Jet Events from 900 GeV and 2360 GeV Collision Data, CMS AN-2010/009"
}

@misc{PFJetID,
 note = "\mbox{Particle Flow Jet Identification Criteria, CMS AN-2010/003}"
}

@misc{CaloJetID,
 note = "\mbox{Calorimeter Jet Quality Criteria for the First CMS Collision Data,} \mbox{and preparations for calibrating their efficiencies, CMS AN-2009/087}"
}

@ARTICLE{antikt,
 AUTHOR={Cacciari, M. and Salam, G.~P.  and Soyez, G.},
 TITLE={The anti-$k_{\rm T}$ jet clustering algorithm},
  journal={JHEP},
 volume={04},
 pages={063},
 year={2008},
 doi="10.1088/1126-6708/2008/04/063"
}

@ARTICLE{Randall:2008rw,
 AUTHOR=       "Randall, L. and Tucker-Smith, D.",
 TITLE=        "Dijet Searches for Supersymmetry at the Large Hadron Collider",
 JOURNAL=      "Phys. Rev. Lett.",
 VOLUME=       "101",
 YEAR=         "2008",
 pages = "221803",
 doi = {10.1103/PhysRevLett.101.221803},
  publisher = {American Physical Society}
}

@Article{Melnikov:2006kv,
     author    = "Melnikov, Kirill and Petriello, Frank",
     title     = "{Electroweak gauge boson production at hadron colliders
                  through O(alpha(s)**2)}",
     journal   = "Phys. Rev.",
     volume    = "D74",
     year      = "2006",
     pages     = "114017",
     eprint    = "hep-ph/0609070",
     archivePrefix = "arXiv",
     doi       = "10.1103/PhysRevD.74.114017",
     SLACcitation  = "%%CITATION = HEP-PH/0609070;%%"
}

@misc{pas-ewk-10-004,
 note="CMS Physics Analysis Summary, CMS PAS EWK-10-004"
}


@misc{cms-pas-jme-10-010,
 note="CMS Physics Analysis Summary, CMS PAS JME-10-010"
}

@misc{cms-pas-TOP-10-001,
 note="CMS Physics Analysis Summary, CMS PAS TOP-10-001"
}

@misc{top-xs,
 note="CMS Physics Analysis Summary, CMS PAS TOP-11-002"
}

@misc{w-xs,
 note="CMS Physics Analysis Summary, CMS PAS EWK-10-002"
}

@Techreport{cms-pas-sus-09001,
COLLABORATION = "CMS",
AUTHOR = "{CMS Collaboration}",
TITLE        = "Search strategy for exclusive multi-jet events from supersymmetry at CMS",
TYPE         = "CMS Physics Analysis Summary",
NUMBER       = "SUS-09-001",
URL         = "http://cdsweb.cern.ch/record/1194509",
YEAR         = "2009"
}

@Techreport{cms-pas-sus-08005,
COLLABORATION = "CMS",
AUTHOR = "{CMS Collaboration}",
TITLE        = "SUSY searches with dijet events",
TYPE      = "CMS Physics Analysis Summary",
NUMBER       = "SUS-08-005",
URL         = "http://cdsweb.cern.ch/record/1149915",
YEAR         = "2008"
}

@misc{HIG-08-001,
 note="CMS Physics Analysis Summary, CMS PAS HIG-08-001"
}

@misc{cms-an-080114,
 note="CMS Analysis Note, CMS-AN 2008/114"
}

@misc{cms-an-10-242,
 note="CMS Analysis Note, CMS-AN 2010/242"
}

@misc{ZWAN,
 note="CMS Analysis Note, CMS AN-2010/264"
}

@misc{WPOL,
 note="CMS Analysis Note, CMS-AN 2010/309"
}

@misc{cms-pas-sus-08002,
 note="CMS Physics Analysis Summary, CMS PAS SUS-08-002"
}

@misc{cms-pas-jme_10003,
 note="CMS Physics Analysis Summary, CMS PAS JME-10-003"
}

@misc{cms-an-080071,
 note="CMS Analysis Note, CMS-AN 2008/071"
}

@misc{cms-an-090056,
 note="CMS Analysis Note, CMS-AN 2009/056"
}

@misc{cms-an-090040,
 note="CMS Analysis Note, CMS-AN 2009/040"
}

@misc{cms-pas-ewk-07002,
 note="CMS Physics Analysis Summary, CMS PAS EWK-07-002"
}
@misc{summer10,
 note = "See: https://twiki.cern.ch/twiki/bin/viewauth/CMS/ProductionReProcessingSummer10"
 }
@misc{patl1,
 note = "See: https://twiki.cern.ch/twiki/bin/view/CMS/SusyPatLayer1DefV9"
}
@misc{icfcode,
 note = "See: https://svn.cern.ch/reps/icfsusy/trunk/AnalysisV2/"
}
@misc{bib:isolep,
 note="See: https://twiki.cern.ch/twiki/bin/view/CMS/VplusJets"
}
@misc{bib:ecalstatus,
 note="See: https://twiki.cern.ch/twiki/bin/view/CMS/EcalChannelStatus"
}
@Article{madgraph,
     author    = "Alwall, Johan and others",
     title     = "{MadGraph/MadEvent v4: The New Web Generation}",
     journal   = "JHEP",
     volume    = "09",
     year      = "2007",
     pages     = "028",
     eprint    = "0706.2334",
     archivePrefix = "arXiv",
     primaryClass  =  "hep-ph",
     SLACcitation  = "%%CITATION = 0706.2334;%%"
}
@misc{susyanalysis,
 note="See: https://twiki.cern.ch/twiki/bin/view/CMS/SusyPat"
}
@misc{pat,
 note="See: https://twiki.cern.ch/twiki/bin/view/CMS/SWGuidePAT"
}
@misc{patcc,
 note="See: https://twiki.cern.ch/twiki/bin/view/CMS/SusyPatCrossCleaner"
}
@misc{biasedDPhi,
 note="CMS Analysis Note, CMS-AN 2009/040"
}
@misc{dPhiMPT,
 note ="See talk by Mariarosaria d'Alfonso: http://indico.cern.ch/getFile.py/access?contribId=7&resId=2&materialId=slides&confId=54337"
}
@ARTICLE{hcalnoise,
     COLLABORATION = "CMS",
     TITLE        = "HCAL performance from first collisions data",
     JOURNAL      = "CMS Detector Performance Summary",
     VOLUME       = "DPS-2010/025",
     YEAR         = "2010"}
@Article{ProfileLikelihood,
LE{muon_reco,
MS",
     TITLE        = "Calorimeter Jet Quality Criteria for the First CMS Collision Data",
     JOURNAL      = "CMS Physics Analysis Summary",
     VOLUME       = "JME-09-008",
      URL         = "http://cdsweb.cern.ch/record/1259924",
     YEAR         = "2009"
}

@Techreport{CMS-NOTE-2010-012,
     AUTHOR = "{CMS Collaboration}",
ON = "CMS",
iki/pub/CMS/SUSY/referenceTopologiesDec13.pdf}"
}
@misc{SMSAN,
 note = "Search Optimization and Limit Setting using Simplified Model Spectra for the RA2 Inclusive Hadronic SUSY Search, CMS AN-2010/404"
}
@Unpublished{RA2,
     AUTHOR = "{CMS Collaboration}",
 collaboration = "CMS",
     title     = "{Search for New Physics with Jets and Missing Transverse
                  Momentum in pp Collisions at $\sqrt{s}$ = 7 TeV}",
     year      = "2011",
     eprint    = "1106.4503",
     archivePrefix = "arXiv",
     primaryClass  =  "hep-ex",
     note="Accepted by JHEP",
     SLACcitation  = "%%CITATION = 1106.4503;%%"
}
@Unpublished{Razor,
     AUTHOR = "{CMS Collaboration}",
 collaboration = "CMS",
     title     = "Inclusive search for squarks and gluinos in pp collisions
                  at $\sqrt{s}$ = 7 {TeV}",
     year      = "2011",
     note      = "Submitted to Phys. Rev. D",
     eprint    = "1107.1279",
     archivePrefix = "arXiv",
     primaryClass  =  "hep-ex",
     SLACcitation  = "%%CITATION = 1107.1279;%%"
}
@Article{Allanach:2001kg,
     author    = "Allanach, B. C.",
     title     = "{SOFTSUSY: a program for calculating supersymmetric spectra}",
     journal   = "Comput. Phys. Commun.",
     volume    = "143",
     year      = "2002",
     pages     = "305",
     doi       = "10.1016/S0010-4655(01)00460-X"
}
@Article{pythia,
     author    = "{T. Sj\"ostrand, S. Mrenna and P.~Z. Skands}",
     title     = "{PYTHIA 6.4 Physics and Manual}",
     journal   = "JHEP",
     volume    = "05",
     year      = "2006",
     pages     = "026",
     doi = "10.1088/1126-6708/2006/05/026"
}
@Article{pythia8,
     author    = {Sj\"ostrand, Torbjorn and Mrenna, Stephen and Skands, Peter Z.},
     title     = "{A Brief Introduction to PYTHIA 8.1}",
     journal   = "Comput. Phys. Commun.",
     volume    = "178",
     year      = "2008",
     pages     = "852",
     doi       = "10.1016/j.cpc.2008.01.036"
}

@Article{cls-pdg,
     author        = "Nakamura, K.",
     collaboration = "Particle Data Group",
     title         = "{Review of particle physics}",
     journal       = "J. Phys. G",
     volume        = "37",
     year          = "2010",
     pages         = "075021",
     doi           = "10.1088/0954-3899/37/7A/075021",
     SLACcitation  = "%%CITATION = JPHGB,G37,075021;%%"
}
@Techreport{ref:lumi,
      COLLABORATION = {CMS},
      AUTHOR = "{CMS Collaboration}",
      TITLE         = "Measurement of CMS Luminosity",
      TYPE     = "CMS Physics Analysis Summary",
      NUMBER        = "EWK-10-004",
      YEAR          = "2010",
      url = "http://cdsweb.cern.ch/record/1279145",
}

@Techreport{PAS-JME-10-010,
 title     = "First Measurement of the Cross Section for Top-Quark Pair
                  Production in Proton-Proton Collisions at $\sqrt{s}$ = 7 {TeV}",
     journal   = "Phys. Lett. B",
     volume    = "695",
     year      = "2011",
     pages     = "424",
     doi       = "10.1016/j.physletb.2010.11.058",
}
@Techreport{PAS-SUS-08-002,
     Collaboration = "CMS",
     AUTHOR = "{CMS Collaboration}",
     Title = "Data-Driven Estimation of the Invisible {Z} Background to the {SUSY MET} Plus Jets Search",
     Type = "CMS Physics Analysis Summary",
     Number = "SUS-08-002",
      URL         = "http://cdsweb.cern.ch/record/1194471",
     Year = "2008"
}

@Article{PhysRevLett.106.211802,
  title = {Search for Supersymmetry in $pp$ Collisions at $\sqrt{s}$ = 7 TeV in
                  Events with Two Photons and Missing Transverse
                  Energy},
  collaboration = {CMS},
  author = {Chatrchyan, S. and others},
  journal = {Phys. Rev. Lett.},
  volume = {106},
  pages = {211802},
  numpages = {15},
  year = {2011},
  doi = {10.1103/PhysRevLett.106.211802},
  publisher = {American Physical Society}
}

@article {springerlink:10.1007/JHEP07(2011)113,
   author = {Khachatryan, V. and others},
   affiliation = {Yerevan Physics Institute, Yerevan, Armenia},
   Collaboration={CMS},
   title = {Search for supersymmetry in events with b jets and missing transverse momentum at the LHC},
   journal = {JHEP},
   publisher = {Springer Berlin / Heidelberg},
   issn = {},
   keyword = {Physics},
   pages = {113},
   volume = {07},
   issue = {7},
   url = {http://dx.doi.org/10.1007/JHEP07(2011)113},
   doi = {10.1007/JHEP07(2011)113},
   year = {2011}
}


@Article{PhysRevLett.106.131802,
  title = {Search for Supersymmetry using Final States with One Lepton, Jets, and Missing Transverse Momentum with the ATLAS Detector in $\sqrt{s}$ = 7 TeV $pp$ Collisions},
  collaboration = {ATLAS},
  author = {Aad, G.  and others},
  journal = {Phys. Rev. Lett.},
  volume = {106},
  pages = {131802},
  numpages = {19},
  year = {2011},
  doi = {10.1103/PhysRevLett.106.131802},
  publisher = {American Physical Society}
}

@article{Aad2011186,
title = "Search for squarks and gluinos using final states with jets and missing transverse momentum with the ATLAS detector in  proton-proton collisions",
journal = "Phys. Lett. B",
volume = "701",
pages = "186",
year = "2011",
note = "",
issn = "0370-2693",
doi = "10.1016/j.physletb.2011.05.061",
url = "http://www.sciencedirect.com/science/article/pii/S0370269311005922",
collaboration = {ATLAS},
author = "Aad, G. and others",
keywords = "Supersymmetry",
keywords = "Squark",
keywords = "Gluino",
keywords = "Search",
keywords = "LHC",
keywords = "ATLAS"
}

@article{Aad2011398,
title = "Search for supersymmetry in pp collisions at  in final states with missing transverse momentum and b-jets",
journal = "Phys. Lett.",
volume = "B701",
pages = "398",
year = "2011",
note = "",
issn = "0370-2693",
doi = "10.1016/j.physletb.2011.06.015",
url = "http://www.sciencedirect.com/science/article/pii/S0370269311006368",
collaboration = {ATLAS},
author = "Aad, G. and others",
keywords = "Supersymmetry",
keywords = "ATLAS",
keywords = "LHC",
keywords = "Sbottom",
keywords = "Stop",
keywords = "Gluino"
}

@article {springerlink:10.1140/epjc/s10052-011-1682-6,
   author = {Aad, G. and others},
   affiliation = {CERN, 1211 Geneva 23, Switzerland},
   collaboration = {ATLAS},
   title = {Search for supersymmetric particles in events with lepton
                  pairs and large missing transverse momentum in
                  $\sqrt{s}=7~\mbox{TeV}$ proton-proton collisions
                  with the ATLAS experiment},
   journal = {Eur. Phys. J. C},
   publisher = {Springer Berlin / Heidelberg},
   issn = {1434-6044},
   keyword = {Physics and Astronomy},
   pages = {1},
   volume = {71},
   issue = {7},
   url = {http://dx.doi.org/10.1140/epjc/s10052-011-1682-6},
   doi = {10.1140/epjc/s10052-011-1682-6},
   year = {2011}
}
@Article{Ask:2011xf,
     author    = "Ask, S. and others",
     title     = "{Using $\gamma$ + jets Production to Calibrate the
                  Standard Model Z($\rightarrow\nu\bar{\nu}$) + jets
                  Background to New Physics Processes at the LHC}",
     year      = "2011",
     eprint    = "1107.2803",
     archivePrefix = "arXiv",
     primaryClass  =  "hep-ph",
     SLACcitation  = "%%CITATION = 1107.2803;%%"
}

@article{1748-0221-5-03-T03014,
  author = {Chatrchyan, S. and others},
  collaboration={CMS},
  title={Identification and filtering of uncharacteristic noise in the CMS hadron calorimeter},
  journal={JINST},
  volume={5},
  pages={T03014},
  doi={10.1088/1748-0221/5/03/T03014},
  year={2010},
}

@Unpublished{Bern:2011pa,
  author = "Bern, Z. and others",
  title = "Driving Missing Data at Next-to-Leading Order",
  year = "2011",
  eprint = "1106.1423",
  archivePrefix = "arXiv",
  primaryClass = "hep-ph",
  SLACcitation  = "%%CITATION = 1106.1423;%%"
}

@Unpublished{2011arXiv1107.4277C,
     AUTHOR = "{CMS Collaboration}",
   collaboration = {CMS},
    title = "{Determination of Jet Energy Calibration and Transverse Momentum Resolution in CMS}",
   archivePrefix = "arXiv",
   eprint = {1107.4277},
 primaryClass = "physics.ins-det",
 keywords = {Physics - Instrumentation and Detectors},
     year = 2011,
   adsurl = {http://adsabs.harvard.edu/abs/2011arXiv1107.4277C},
  adsnote = {Provided by the SAO/NASA Astrophysics Data System},
  note = {Submitted to JHEP},
}

@article {springerlink:10.1140/epjc/s10052-011-1722-2,
   author = {Buchmueller, O. and others},
   title = {Supersymmetry and dark matter in light of LHC 2010 and XENON100 data},
   journal = {Eur. Phys. J.},
   publisher = {Springer Berlin / Heidelberg},
   issn = {1434-6044},
   keyword = {Physics and Astronomy},
   pages = {1},
   volume = {C71},
   url = {http://dx.doi.org/10.1140/epjc/s10052-011-1722-2},
   doi = {10.1140/epjc/s10052-011-1722-2},
   year = {2011}
}


@article{Martin:2007gf,
      author         = "Martin, Stephen P.",
      title          = "{Compressed supersymmetry and natural neutralino dark
                        matter from top squark-mediated annihilation to top
                        quarks}",
      journal        = "Phys.Rev.",
      volume         = "D75",
      pages          = "115005",
      doi            = "10.1103/PhysRevD.75.115005",
      year           = "2007",
      eprint         = "hep-ph/0703097",
      archivePrefix  = "arXiv",
      primaryClass   = "HEP-PH",
      SLACcitation   = "%%CITATION = HEP-PH/0703097;%%",
}

@article{Martin:2007hn,
      author         = "Martin, Stephen P.",
      title          = "{The Top squark-mediated annihilation scenario and direct
                        detection of dark matter in compressed supersymmetry}",
      journal        = "Phys.Rev.",
      volume         = "D76",
      pages          = "095005",
      doi            = "10.1103/PhysRevD.76.095005",
      year           = "2007",
      eprint         = "0707.2812",
      archivePrefix  = "arXiv",
      primaryClass   = "hep-ph",
      SLACcitation   = "%%CITATION = ARXIV:0707.2812;%%",
}

@article{Carena:2008mj,
      author         = "Carena, M. and Freitas, A. and Wagner, C.E.M.",
      title          = "{Light Stop Searches at the LHC in Events with One Hard Photon or Jet and Missing Energy}", 
      journal        = "JHEP",
      volume         = "10",
      pages          = "109",
      doi            = "10.1088/1126-6708/2008/10/109",
      year           = "2008",
      eprint         = "0808.2298",
      archivePrefix  = "arXiv",
      primaryClass   = "hep-ph",
      reportNumber   = "ANL-HEP-PR-08-46, EFI-08-22, FERMILAB-PUB-08-269-T",
      SLACcitation   = "%%CITATION = ARXIV:0808.2298;%%",
}

@article{Balazs:2004bu,
      author         = "Balazs, C. and Carena, Marcela S. and Wagner, C.E.M.",
      title          = "{Dark matter, light stops and electroweak baryogenesis}",
      journal        = "Phys. Rev. D",
      volume         = "70",
      pages          = "015007",
      doi            = "10.1103/PhysRevD.70.015007",
      year           = "2004",
      eprint         = "hep-ph/0403224",
      archivePrefix  = "arXiv",
      primaryClass   = "hep-ph",
      reportNumber   = "ANL-HEP-PR-04-27, EFI-04-08, FERMILAB-PUB-04-034-T",
      SLACcitation   = "%%CITATION = HEP-PH/0403224;%%",
}

@article{Khachatryan:2015wza,
      author         = "Khachatryan, V. and others",
      title          = "Searches for third generation squark production in fully
                        hadronic final states in proton-proton collisions at
                        $\sqrt{s} = 8\TeV$",
      collaboration  = "CMS",
      year           = "2015",
      eprint         = "1503.08037",
      archivePrefix  = "arXiv",
      primaryClass   = "hep-ex",
      reportNumber   = "CMS-SUS-14-001, CERN-PH-EP-2015-055",
      note="Accepted by JHEP",
      SLACcitation   = "%%CITATION = ARXIV:1503.08037;%%",}
}

